@INPROCEEDINGS{Barden94,
   author = {{Barden}, S.~C. and {Armandroff}, T. and {Muller}, G. and {Rudeen}, A.~C. and 
	{Lewis}, J. and {Groves}, L.},
    title = "{Modifying Hydra for the WIYN telescope: an optimum telescope, fiber MOS combination}",
booktitle = {Instrumentation in Astronomy VIII},
     year = 1994,
   series = {\procspie},
   volume = 2198,
   editor = {{Crawford}, D.~L. and {Craine}, E.~R.},
    month = jun,
    pages = {87-97},
   adsurl = {http://adsabs.harvard.edu/abs/1994SPIE.2198...87B},
  adsnote = {Provided by the SAO/NASA Astrophysics Data System}
}

@INPROCEEDINGS{Barden98,
   author = {{Barden}, S.~C. and {Sawyer}, D.~G. and {Honeycutt}, R.~K.},
    title = "{Integral field spectroscopy on the WIYN telescope using a fiber array}",
booktitle = {Optical Astronomical Instrumentation},
     year = 1998,
   series = {\procspie},
   volume = 3355,
   editor = {{D'Odorico}, S.},
    month = jul,
    pages = {892-899},
   adsurl = {http://adsabs.harvard.edu/abs/1998SPIE.3355..892B},
  adsnote = {Provided by the SAO/NASA Astrophysics Data System}
}

@ARTICLE{Bershady04,
   author = {{Bershady}, M.~A. and {Andersen}, D.~R. and {Harker}, J. and 
	{Ramsey}, L.~W. and {Verheijen}, M.~A.~W.},
    title = "{SparsePak: A Formatted Fiber Field Unit for the WIYN Telescope Bench Spectrograph. I. Design, Construction, and Calibration}",
  journal = {\pasp},
   eprint = {astro-ph/0403456},
 keywords = {Galaxies: Kinematics and Dynamics, Instrumentation: Spectrographs, methods: laboratory},
     year = 2004,
    month = jun,
   volume = 116,
    pages = {565-590},
      doi = {10.1086/421057},
   adsurl = {http://adsabs.harvard.edu/abs/2004PASP..116..565B},
  adsnote = {Provided by the SAO/NASA Astrophysics Data System}
}

@ARTICLE{Bershady05,
   author = {{Bershady}, M.~A. and {Andersen}, D.~R. and {Verheijen}, M.~A.~W. and 
	{Westfall}, K.~B. and {Crawford}, S.~M. and {Swaters}, R.~A.
	},
    title = "{SparsePak: A Formatted Fiber Field Unit for The WIYN Telescope Bench Spectrograph. II. On-Sky Performance}",
  journal = {\apjs},
   eprint = {astro-ph/0410404},
 keywords = {Instrumentation: Spectrographs},
     year = 2005,
    month = feb,
   volume = 156,
    pages = {311-344},
      doi = {10.1086/426479},
   adsurl = {http://adsabs.harvard.edu/abs/2005ApJS..156..311B},
  adsnote = {Provided by the SAO/NASA Astrophysics Data System}
}

@INPROCEEDINGS{Knezek10,
   author = {{Knezek}, P.~M. and {Bershady}, M.~A. and {Willmarth}, D. and 
	{Glaspey}, J. and {Poczulp}, G. and {Blanco}, D. and {Britanik}, L. and 
	{McDougall}, E. and {Corson}, C. and {Liang}, M. and {Keyes}, J. and 
	{Jacoby}, G.},
    title = "{The upgraded WIYN bench spectrograph}",
booktitle = {Ground-based and Airborne Instrumentation for Astronomy III},
     year = 2010,
   series = {\procspie},
   volume = 7735,
    month = jul,
      eid = {77357D},
    pages = {77357D},
      doi = {10.1117/12.857648},
   adsurl = {http://adsabs.harvard.edu/abs/2010SPIE.7735E..7DK},
  adsnote = {Provided by the SAO/NASA Astrophysics Data System}
}

@INPROCEEDINGS{Bershady08,
   author = {{Bershady}, M. and {Barden}, S. and {Blanche}, P.-A. and {Blanco}, D. and 
	{Corson}, C. and {Crawford}, S. and {Glaspey}, J. and {Habraken}, S. and 
	{Jacoby}, G. and {Keyes}, J. and {Knezek}, P. and {Lemaire}, P. and 
	{Liang}, M. and {McDougall}, E. and {Poczulp}, G. and {Sawyer}, D. and 
	{Westfall}, K. and {Willmarth}, D.},
    title = "{WIYN bench upgrade: a revitalized spectrograph}",
booktitle = {Ground-based and Airborne Instrumentation for Astronomy II},
     year = 2008,
   series = {\procspie},
   volume = 7014,
    month = jul,
      eid = {70140H},
    pages = {70140H},
      doi = {10.1117/12.789112},
   adsurl = {http://adsabs.harvard.edu/abs/2008SPIE.7014E..0HB},
  adsnote = {Provided by the SAO/NASA Astrophysics Data System}
}

@BOOK{Steinhaus99,
author = {Steinhaus, H},
title = {Mathematical Snapshots},
publisher = {Dover},
year = 1999}

@article{Kennedy06,
author = {Kennedy, T},
title = {Compact packings of the plane with two sizes of discs},
journal = {Discrete and Computational Geometry},
year = 2006,
volume = 35,
pages = {255-267}}

@article{Kravitz67,
author = {Kravitz, S},
title = {Packing cylinders into cylindrical containers},
journal = {Mathematics Magazine},
year = 1967,
volume = 40,
pages = {65-71}}
