@INPROCEEDINGS{Crause_08,
   author = {{Crause}, L. and {Bershady}, M. and {Buckley}, D.},
    title = "{Investigation of focal ratio degradation in optical fibres for astronomical instrumentation}",
booktitle = {Society of Photo-Optical Instrumentation Engineers (SPIE) Conference Series},
     year = 2008,
   series = {Presented at the Society of Photo-Optical Instrumentation Engineers (SPIE) Conference},
   volume = 7014,
    month = aug,
      doi = {10.1117/12.791041},
   adsurl = {http://adsabs.harvard.edu/abs/2008SPIE.7014E.210C},
  adsnote = {Provided by the SAO/NASA Astrophysics Data System}
}

@ARTICLE{Carrasco,
   author = {{Carrasco}, E. and {Parry}, I.~R.},
    title = "{A method for determining the focal ratio degradation of optical fibres for astronomy}",
  journal = {MNRAS},
     year = 1994,
    month = nov,
   volume = 271,
    pages = {1},
   adsurl = {http://adsabs.harvard.edu/abs/1994MNRAS.271....1C},
  adsnote = {Provided by the SAO/NASA Astrophysics Data System}
}

@ARTICLE{Haynes11,
   author = {{Haynes}, D.~M. and {Withford}, M.~J. and {Dawes}, J.~M. and 
	{Lawrence}, J.~S. and {Haynes}, R.},
    title = "{Relative contributions of scattering, diffraction and modal diffusion to focal ratio degradation in optical fibres}",
  journal = {MNRAS},
 keywords = {instrumentation: miscellaneous, instrumentation: spectrographs, methods: data analysis, methods: laboratory, techniques: miscellaneous, techniques: spectroscopic},
     year = 2011,
    month = jun,
   volume = 414,
    pages = {253-263},
      doi = {10.1111/j.1365-2966.2011.18385.x},
   adsurl = {http://adsabs.harvard.edu/abs/2011MNRAS.414..253H},
  adsnote = {Provided by the SAO/NASA Astrophysics Data System}
}

@INPROCEEDINGS{Parry98,
   author = {{Parry}, I.},
    title = "{The Astronomical Uses of Optical Fibers}",
booktitle = {Fiber Optics in Astronomy III},
     year = 1998,
   series = {Astronomical Society of the Pacific Conference Series},
   volume = 152,
   editor = {{Arribas}, S. and {Mediavilla}, E. and {Watson}, F.},
    pages = {3},
   adsurl = {http://adsabs.harvard.edu/abs/1998ASPC..152....3P},
  adsnote = {Provided by the SAO/NASA Astrophysics Data System}
}

@INPROCEEDINGS{Ramsey88,
   author = {{Ramsey}, L.~W.},
    title = "{Focal ratio degradation in optical fibers of astronomical interest}",
 keywords = {ASTRONOMY, FIBER OPTICS, FOCUSING, OPTICAL FIBERS, EPOXY COMPOUNDS, OPTICAL PROPERTIES, PROPAGATION MODES, RADIAL VELOCITY, SILICON OXIDES, TIME DEPENDENCE},
booktitle = {Fiber Optics in Astronomy},
     year = 1988,
   series = {Astronomical Society of the Pacific Conference Series},
   volume = 3,
   editor = {{Barden}, S.~C.},
    pages = {26-39},
   adsurl = {http://adsabs.harvard.edu/abs/1988ASPC....3...26R},
  adsnote = {Provided by the SAO/NASA Astrophysics Data System}
}

@INPROCEEDINGS{1988ASPC....3....2N,
   author = {{Nelson}, G.~W.},
    title = "{Introduction to Fiber Optics}",
booktitle = {Fiber Optics in Astronomy},
     year = 1988,
   series = {Astronomical Society of the Pacific Conference Series},
   volume = 3,
   editor = {{Barden}, S.~C.},
    pages = {2},
   adsurl = {http://adsabs.harvard.edu/abs/1988ASPC....3....2N},
  adsnote = {Provided by the SAO/NASA Astrophysics Data System}
}

@INPROCEEDINGS{Barden98NOAO,
   author = {{Barden}, S.~C. and {Ingerson}, T.~E.},
    title = "{Review of Fiber-Optic Instrumentation at NOAO}",
booktitle = {Fiber Optics in Astronomy III},
     year = 1998,
   series = {Astronomical Society of the Pacific Conference Series},
   volume = 152,
   editor = {{Arribas}, S. and {Mediavilla}, E. and {Watson}, F.},
    pages = {60},
   adsurl = {http://adsabs.harvard.edu/abs/1998ASPC..152...60B},
  adsnote = {Provided by the SAO/NASA Astrophysics Data System}
}

@INPROCEEDINGS{Barden98,
   author = {{Barden}, S.~C.},
    title = "{Review of Fiber-Optic Properties for Astronomical Spectroscopy}",
booktitle = {Fiber Optics in Astronomy III},
     year = 1998,
   series = {Astronomical Society of the Pacific Conference Series},
   volume = 152,
   editor = {{Arribas}, S. and {Mediavilla}, E. and {Watson}, F.},
    pages = {14},
   adsurl = {http://adsabs.harvard.edu/abs/1998ASPC..152...14B},
  adsnote = {Provided by the SAO/NASA Astrophysics Data System}
}

@ARTICLE{Angel77,
   author = {{Angel}, J.~R.~P. and {Adams}, M.~T. and {Boroson}, T.~A. and 
	{Moore}, R.~L.},
    title = "{A very large optical telescope array linked with fused silica fibers}",
  journal = {\apj},
 keywords = {FIBER OPTICS, GLASS FIBERS, LIGHT TRANSMISSION, OPTICAL WAVEGUIDES, SILICA GLASS, TELESCOPES, ARRAYS, DATA LINKS, MIRRORS, PHOTOSENSITIVITY, REFLECTING TELESCOPES, SYSTEMS ENGINEERING},
     year = 1977,
    month = dec,
   volume = 218,
    pages = {776-782},
      doi = {10.1086/155734},
   adsurl = {http://adsabs.harvard.edu/abs/1977ApJ...218..776A},
  adsnote = {Provided by the SAO/NASA Astrophysics Data System}
}

@INPROCEEDINGS{Avila98,
   author = {{Avila}, G.},
    title = "{Results on Fiber Characterization at ESO}",
booktitle = {Fiber Optics in Astronomy III},
     year = 1998,
   series = {Astronomical Society of the Pacific Conference Series},
   volume = 152,
   editor = {{Arribas}, S. and {Mediavilla}, E. and {Watson}, F.},
    pages = {44},
   adsurl = {http://adsabs.harvard.edu/abs/1998ASPC..152...44A},
  adsnote = {Provided by the SAO/NASA Astrophysics Data System}
}

@ARTICLE{Oliveira,
   author = {{de Oliveira}, A.~C. and {de Oliveira}, L.~S. and {Dos Santos}, J.~B. and 
	{Arruda}, M.~V. and {Dos Santos}, L.~G.~C. and {Rodrigues}, F. and 
	{de Castro}, F.~L.~F.},
    title = "{FRD in optical fibres at low temperatures: investigations for Gemini's Wide-field Fibre Multi-Object Spectrograph}",
  journal = {\mnras},
 keywords = {instrumentation: spectrographs, methods: laboratory, techniques: spectroscopic},
     year = 2011,
    month = jun,
   volume = 413,
    pages = {3003-3012},
      doi = {10.1111/j.1365-2966.2011.18376.x},
   adsurl = {http://adsabs.harvard.edu/abs/2011MNRAS.413.3003D},
  adsnote = {Provided by the SAO/NASA Astrophysics Data System}
}

@article{Gloge72,
author = {D. Gloge},
journal = {Appl. Opt.},
keywords = {},
number = {11},
pages = {2506--2513},
publisher = {OSA},
title = {Bending Loss in Multimode Fibers with Graded and Ungraded Core Index},
volume = {11},
month = {Nov},
year = {1972},
url = {http://ao.osa.org/abstract.cfm?URI=ao-11-11-2506},
doi = {10.1364/AO.11.002506},
abstract = {Parabolic grading of the core index in a multimode fiber (Selfoc) diminishes mode dispersion and interface loss. This paper shows that this grading affects the mode volume and the loss in bends very little, if the index difference of the graded core (between the core axis and the cladding) is twice that of the homogeneous core. Curvature radii of several centimeters are tolerable. Mode coupling (or ray deflection) in random bends is slightly decreased by grading. Both the graded and the homogeneous multimode fiber are particularly sensitive to certain critical deviations of the guide axis from straightness. These deviations must be less than avoided. a fraction of a micrometer in order that catastrophic mode loss be avoided.},
}

@ARTICLE{Mab_05,
   author = {{Bershady}, M.~A. and {Andersen}, D.~R. and {Verheijen}, M.~A.~W. and 
	{Westfall}, K.~B. and {Crawford}, S.~M. and {Swaters}, R.~A.
	},
    title = "{SparsePak: A Formatted Fiber Field Unit for The WIYN Telescope Bench Spectrograph. II. On-Sky Performance}",
  journal = {\apjs},
   eprint = {arXiv:astro-ph/0410404},
 keywords = {Instrumentation: Spectrographs},
     year = 2005,
    month = feb,
   volume = 156,
    pages = {311-344},
      doi = {10.1086/426479},
   adsurl = {http://adsabs.harvard.edu/abs/2005ApJS..156..311B},
  adsnote = {Provided by the SAO/NASA Astrophysics Data System}
}

@ARTICLE{Mab_04,
   author = {{Bershady}, M.~A. and {Andersen}, D.~R. and {Harker}, J. and 
	{Ramsey}, L.~W. and {Verheijen}, M.~A.~W.},
    title = "{SparsePak: A Formatted Fiber Field Unit for the WIYN Telescope Bench Spectrograph. I. Design, Construction, and Calibration}",
  journal = {\pasp},
   eprint = {arXiv:astro-ph/0403456},
 keywords = {Galaxies: Kinematics and Dynamics, Instrumentation: Spectrographs, methods: laboratory},
     year = 2004,
    month = jun,
   volume = 116,
    pages = {565-590},
      doi = {10.1086/421057},
   adsurl = {http://adsabs.harvard.edu/abs/2004PASP..116..565B},
  adsnote = {Provided by the SAO/NASA Astrophysics Data System}
}

@ARTICLE{Schmoll_03,
   author = {{Schmoll}, J. and {Roth}, M.~M. and {Laux}, U.},
    title = "{Statistical Test of Optical Fibers for Use in PMAS, the Potsdam Multi-Aperture Spectrophotometer}",
  journal = {\pasp},
   eprint = {arXiv:astro-ph/0304288},
 keywords = {Instrumentation: Spectrographs, Techniques: Spectroscopic},
     year = 2003,
    month = jul,
   volume = 115,
    pages = {854-868},
      doi = {10.1086/375696},
   adsurl = {http://adsabs.harvard.edu/abs/2003PASP..115..854S},
  adsnote = {Provided by the SAO/NASA Astrophysics Data System}
}

@ARTICLE{York00,
   author = {{York}, D.~G. and {Adelman}, J. and {Anderson}, Jr., J.~E. and 
	{Anderson}, S.~F. and {Annis}, J. and {Bahcall}, N.~A. and {Bakken}, J.~A. and 
	{Barkhouser}, R. and {Bastian}, S. and {Berman}, E. and {Boroski}, W.~N. and 
	{Bracker}, S. and {Briegel}, C. and {Briggs}, J.~W. and {Brinkmann}, J. and 
	{Brunner}, R. and {Burles}, S. and {Carey}, L. and {Carr}, M.~A. and 
	{Castander}, F.~J. and {Chen}, B. and {Colestock}, P.~L. and 
	{Connolly}, A.~J. and {Crocker}, J.~H. and {Csabai}, I. and 
	{Czarapata}, P.~C. and {Davis}, J.~E. and {Doi}, M. and {Dombeck}, T. and 
	{Eisenstein}, D. and {Ellman}, N. and {Elms}, B.~R. and {Evans}, M.~L. and 
	{Fan}, X. and {Federwitz}, G.~R. and {Fiscelli}, L. and {Friedman}, S. and 
	{Frieman}, J.~A. and {Fukugita}, M. and {Gillespie}, B. and 
	{Gunn}, J.~E. and {Gurbani}, V.~K. and {de Haas}, E. and {Haldeman}, M. and 
	{Harris}, F.~H. and {Hayes}, J. and {Heckman}, T.~M. and {Hennessy}, G.~S. and 
	{Hindsley}, R.~B. and {Holm}, S. and {Holmgren}, D.~J. and {Huang}, C.-h. and 
	{Hull}, C. and {Husby}, D. and {Ichikawa}, S.-I. and {Ichikawa}, T. and 
	{Ivezi{\'c}}, {\v Z}. and {Kent}, S. and {Kim}, R.~S.~J. and 
	{Kinney}, E. and {Klaene}, M. and {Kleinman}, A.~N. and {Kleinman}, S. and 
	{Knapp}, G.~R. and {Korienek}, J. and {Kron}, R.~G. and {Kunszt}, P.~Z. and 
	{Lamb}, D.~Q. and {Lee}, B. and {Leger}, R.~F. and {Limmongkol}, S. and 
	{Lindenmeyer}, C. and {Long}, D.~C. and {Loomis}, C. and {Loveday}, J. and 
	{Lucinio}, R. and {Lupton}, R.~H. and {MacKinnon}, B. and {Mannery}, E.~J. and 
	{Mantsch}, P.~M. and {Margon}, B. and {McGehee}, P. and {McKay}, T.~A. and 
	{Meiksin}, A. and {Merelli}, A. and {Monet}, D.~G. and {Munn}, J.~A. and 
	{Narayanan}, V.~K. and {Nash}, T. and {Neilsen}, E. and {Neswold}, R. and 
	{Newberg}, H.~J. and {Nichol}, R.~C. and {Nicinski}, T. and 
	{Nonino}, M. and {Okada}, N. and {Okamura}, S. and {Ostriker}, J.~P. and 
	{Owen}, R. and {Pauls}, A.~G. and {Peoples}, J. and {Peterson}, R.~L. and 
	{Petravick}, D. and {Pier}, J.~R. and {Pope}, A. and {Pordes}, R. and 
	{Prosapio}, A. and {Rechenmacher}, R. and {Quinn}, T.~R. and 
	{Richards}, G.~T. and {Richmond}, M.~W. and {Rivetta}, C.~H. and 
	{Rockosi}, C.~M. and {Ruthmansdorfer}, K. and {Sandford}, D. and 
	{Schlegel}, D.~J. and {Schneider}, D.~P. and {Sekiguchi}, M. and 
	{Sergey}, G. and {Shimasaku}, K. and {Siegmund}, W.~A. and {Smee}, S. and 
	{Smith}, J.~A. and {Snedden}, S. and {Stone}, R. and {Stoughton}, C. and 
	{Strauss}, M.~A. and {Stubbs}, C. and {SubbaRao}, M. and {Szalay}, A.~S. and 
	{Szapudi}, I. and {Szokoly}, G.~P. and {Thakar}, A.~R. and {Tremonti}, C. and 
	{Tucker}, D.~L. and {Uomoto}, A. and {Vanden Berk}, D. and {Vogeley}, M.~S. and 
	{Waddell}, P. and {Wang}, S.-i. and {Watanabe}, M. and {Weinberg}, D.~H. and 
	{Yanny}, B. and {Yasuda}, N. and {SDSS Collaboration}},
    title = "{The Sloan Digital Sky Survey: Technical Summary}",
  journal = {\aj},
   eprint = {arXiv:astro-ph/0006396},
 keywords = {Cosmology: Observations, Instrumentation: Miscellaneous},
     year = 2000,
    month = sep,
   volume = 120,
    pages = {1579-1587},
      doi = {10.1086/301513},
   adsurl = {http://adsabs.harvard.edu/abs/2000AJ....120.1579Y},
  adsnote = {Provided by the SAO/NASA Astrophysics Data System}
}

@ARTICLE{Gunn06,
   author = {{Gunn}, J.~E. and {Siegmund}, W.~A. and {Mannery}, E.~J. and 
	{Owen}, R.~E. and {Hull}, C.~L. and {Leger}, R.~F. and {Carey}, L.~N. and 
	{Knapp}, G.~R. and {York}, D.~G. and {Boroski}, W.~N. and {Kent}, S.~M. and 
	{Lupton}, R.~H. and {Rockosi}, C.~M. and {Evans}, M.~L. and 
	{Waddell}, P. and {Anderson}, J.~E. and {Annis}, J. and {Barentine}, J.~C. and 
	{Bartoszek}, L.~M. and {Bastian}, S. and {Bracker}, S.~B. and 
	{Brewington}, H.~J. and {Briegel}, C.~I. and {Brinkmann}, J. and 
	{Brown}, Y.~J. and {Carr}, M.~A. and {Czarapata}, P.~C. and 
	{Drennan}, C.~C. and {Dombeck}, T. and {Federwitz}, G.~R. and 
	{Gillespie}, B.~A. and {Gonzales}, C. and {Hansen}, S.~U. and 
	{Harvanek}, M. and {Hayes}, J. and {Jordan}, W. and {Kinney}, E. and 
	{Klaene}, M. and {Kleinman}, S.~J. and {Kron}, R.~G. and {Kresinski}, J. and 
	{Lee}, G. and {Limmongkol}, S. and {Lindenmeyer}, C.~W. and 
	{Long}, D.~C. and {Loomis}, C.~L. and {McGehee}, P.~M. and {Mantsch}, P.~M. and 
	{Neilsen}, Jr., E.~H. and {Neswold}, R.~M. and {Newman}, P.~R. and 
	{Nitta}, A. and {Peoples}, Jr., J. and {Pier}, J.~R. and {Prieto}, P.~S. and 
	{Prosapio}, A. and {Rivetta}, C. and {Schneider}, D.~P. and 
	{Snedden}, S. and {Wang}, S.-i.},
    title = "{The 2.5 m Telescope of the Sloan Digital Sky Survey}",
  journal = {\aj},
   eprint = {arXiv:astro-ph/0602326},
 keywords = {Surveys, Telescopes},
     year = 2006,
    month = apr,
   volume = 131,
    pages = {2332-2359},
      doi = {10.1086/500975},
   adsurl = {http://adsabs.harvard.edu/abs/2006AJ....131.2332G},
  adsnote = {Provided by the SAO/NASA Astrophysics Data System}
}

