@INPROCEEDINGS{Barden94,
   author = {{Barden}, S.~C. and {Armandroff}, T. and {Muller}, G. and {Rudeen}, A.~C. and 
	{Lewis}, J. and {Groves}, L.},
    title = "{Modifying Hydra for the WIYN telescope: an optimum telescope, fiber MOS combination}",
booktitle = {Instrumentation in Astronomy VIII},
     year = 1994,
   series = {\procspie},
   volume = 2198,
   editor = {{Crawford}, D.~L. and {Craine}, E.~R.},
    month = jun,
    pages = {87-97},
   adsurl = {http://adsabs.harvard.edu/abs/1994SPIE.2198...87B},
  adsnote = {Provided by the SAO/NASA Astrophysics Data System}
}

@INPROCEEDINGS{Bershady08,
   author = {{Bershady}, M. and {Barden}, S. and {Blanche}, P.-A. and {Blanco}, D. and 
	{Corson}, C. and {Crawford}, S. and {Glaspey}, J. and {Habraken}, S. and 
	{Jacoby}, G. and {Keyes}, J. and {Knezek}, P. and {Lemaire}, P. and 
	{Liang}, M. and {McDougall}, E. and {Poczulp}, G. and {Sawyer}, D. and 
	{Westfall}, K. and {Willmarth}, D.},
    title = "{WIYN bench upgrade: a revitalized spectrograph}",
booktitle = {Ground-based and Airborne Instrumentation for Astronomy II},
     year = 2008,
   series = {\procspie},
   volume = 7014,
    month = jul,
      eid = {70140H},
    pages = {70140H},
      doi = {10.1117/12.789112},
   adsurl = {http://adsabs.harvard.edu/abs/2008SPIE.7014E..0HB},
  adsnote = {Provided by the SAO/NASA Astrophysics Data System}
}

@ARTICLE{Bershady04,
   author = {{Bershady}, M.~A. and {Andersen}, D.~R. and {Harker}, J. and 
	{Ramsey}, L.~W. and {Verheijen}, M.~A.~W.},
    title = "{SparsePak: A Formatted Fiber Field Unit for the WIYN Telescope Bench Spectrograph. I. Design, Construction, and Calibration}",
  journal = {\pasp},
   eprint = {astro-ph/0403456},
 keywords = {Galaxies: Kinematics and Dynamics, Instrumentation: Spectrographs, methods: laboratory},
     year = 2004,
    month = jun,
   volume = 116,
    pages = {565-590},
      doi = {10.1086/421057},
   adsurl = {http://adsabs.harvard.edu/abs/2004PASP..116..565B},
  adsnote = {Provided by the SAO/NASA Astrophysics Data System}
}

@ARTICLE{Bershady05,
   author = {{Bershady}, M.~A. and {Andersen}, D.~R. and {Verheijen}, M.~A.~W. and 
	{Westfall}, K.~B. and {Crawford}, S.~M. and {Swaters}, R.~A.
	},
    title = "{SparsePak: A Formatted Fiber Field Unit for The WIYN Telescope Bench Spectrograph. II. On-Sky Performance}",
  journal = {\apjs},
   eprint = {astro-ph/0410404},
 keywords = {Instrumentation: Spectrographs},
     year = 2005,
    month = feb,
   volume = 156,
    pages = {311-344},
      doi = {10.1086/426479},
   adsurl = {http://adsabs.harvard.edu/abs/2005ApJS..156..311B},
  adsnote = {Provided by the SAO/NASA Astrophysics Data System}
}

@INPROCEEDINGS{Knezek10,
   author = {{Knezek}, P.~M. and {Bershady}, M.~A. and {Willmarth}, D. and 
	{Glaspey}, J. and {Poczulp}, G. and {Blanco}, D. and {Britanik}, L. and 
	{McDougall}, E. and {Corson}, C. and {Liang}, M. and {Keyes}, J. and 
	{Jacoby}, G.},
    title = "{The upgraded WIYN bench spectrograph}",
booktitle = {Ground-based and Airborne Instrumentation for Astronomy III},
     year = 2010,
   series = {\procspie},
   volume = 7735,
    month = jul,
      eid = {77357D},
    pages = {77357D},
      doi = {10.1117/12.857648},
   adsurl = {http://adsabs.harvard.edu/abs/2010SPIE.7735E..7DK},
  adsnote = {Provided by the SAO/NASA Astrophysics Data System}
}

@INPROCEEDINGS{Wood12,
   author = {{Wood}, C.~M. and {Bershady}, M.~A. and {Eigenbrot}, A.~D. and 
	{Buckley}, S.~A. and {Gallagher}, J.~S. and {Hooper}, E.~J. and 
	{Sheinis}, A.~I. and {Smith}, M.~P. and {Wolf}, M.~J.},
    title = "{HexPak and GradPak: variable-pitch dual-head IFUs for the WIYN 3.5m Telescope Bench Spectrograph}",
booktitle = {Ground-based and Airborne Instrumentation for Astronomy IV},
     year = 2012,
   series = {\procspie},
   volume = 8446,
archivePrefix = "arXiv",
   eprint = {1208.0333},
 primaryClass = "astro-ph.IM",
    month = sep,
      eid = {84462W},
    pages = {84462W},
      doi = {10.1117/12.926580},
   adsurl = {http://adsabs.harvard.edu/abs/2012SPIE.8446E..2WW},
  adsnote = {Provided by the SAO/NASA Astrophysics Data System}
}

@INPROCEEDINGS{Crause08,
   author = {{Crause}, L. and {Bershady}, M. and {Buckley}, D.},
    title = "{Investigation of focal ratio degradation in optical fibres for astronomical instrumentation}",
booktitle = {Ground-based and Airborne Instrumentation for Astronomy II},
     year = 2008,
   series = {\procspie},
   volume = 7014,
    month = jul,
      eid = {70146C},
    pages = {70146C},
      doi = {10.1117/12.791041},
   adsurl = {http://adsabs.harvard.edu/abs/2008SPIE.7014E..6CC},
  adsnote = {Provided by the SAO/NASA Astrophysics Data System}
}

@INPROCEEDINGS{Eigenbrot12,
   author = {{Eigenbrot}, A.~D. and {Bershady}, M.~A. and {Wood}, C.~M.},
    title = "{The impact of surface-polish on the angular and wavelength dependence of fiber focal ratio degradation}",
booktitle = {Ground-based and Airborne Instrumentation for Astronomy IV},
     year = 2012,
   series = {\procspie},
   volume = 8446,
archivePrefix = "arXiv",
   eprint = {1208.0829},
 primaryClass = "astro-ph.IM",
    month = sep,
      eid = {84465W},
    pages = {84465W},
      doi = {10.1117/12.926568},
   adsurl = {http://adsabs.harvard.edu/abs/2012SPIE.8446E..5WE},
  adsnote = {Provided by the SAO/NASA Astrophysics Data System}
}

@ARTICLE{Schechtman-Rook12,
   author = {{Schechtman-Rook}, A. and {Bershady}, M.~A. and {Wood}, K.},
    title = "{The Three-dimensional Distribution of Dust in NGC 891}",
  journal = {\apj},
archivePrefix = "arXiv",
   eprint = {1112.1692},
 primaryClass = "astro-ph.CO",
 keywords = {dust, extinction, galaxies: individual: NGC 891, galaxies: spiral, galaxies: stellar content, radiative transfer},
     year = 2012,
    month = feb,
   volume = 746,
      eid = {70},
    pages = {70},
      doi = {10.1088/0004-637X/746/1/70},
   adsurl = {http://adsabs.harvard.edu/abs/2012ApJ...746...70S},
  adsnote = {Provided by the SAO/NASA Astrophysics Data System}
}

@ARTICLE{Schechtman-Rook13,
   author = {{Schechtman-Rook}, A. and {Bershady}, M.~A.},
    title = "{Near-infrared Detection of a Super-thin Disk in NGC 891}",
  journal = {\apj},
archivePrefix = "arXiv",
   eprint = {1306.6076},
 primaryClass = "astro-ph.CO",
 keywords = {galaxies: individual: NGC 891, galaxies: photometry, galaxies: spiral, galaxies: stellar content, galaxies: structure},
     year = 2013,
    month = aug,
   volume = 773,
      eid = {45},
    pages = {45},
      doi = {10.1088/0004-637X/773/1/45},
   adsurl = {http://adsabs.harvard.edu/abs/2013ApJ...773...45S},
  adsnote = {Provided by the SAO/NASA Astrophysics Data System}
}
@ARTICLE{Bundy15,
   author = {{Bundy}, K. and {Bershady}, M.~A. and {Law}, D.~R. and {Yan}, R. and 
	{Drory}, N. and {MacDonald}, N. and {Wake}, D.~A. and {Cherinka}, B. and 
	{S{\'a}nchez-Gallego}, J.~R. and {Weijmans}, A.-M. and {Thomas}, D. and 
	{Tremonti}, C. and {Masters}, K. and {Coccato}, L. and {Diamond-Stanic}, A.~M. and 
	{Arag{\'o}n-Salamanca}, A. and {Avila-Reese}, V. and {Badenes}, C. and 
	{Falc{\'o}n-Barroso}, J. and {Belfiore}, F. and {Bizyaev}, D. and 
	{Blanc}, G.~A. and {Bland-Hawthorn}, J. and {Blanton}, M.~R. and 
	{Brownstein}, J.~R. and {Byler}, N. and {Cappellari}, M. and 
	{Conroy}, C. and {Dutton}, A.~A. and {Emsellem}, E. and {Etherington}, J. and 
	{Frinchaboy}, P.~M. and {Fu}, H. and {Gunn}, J.~E. and {Harding}, P. and 
	{Johnston}, E.~J. and {Kauffmann}, G. and {Kinemuchi}, K. and 
	{Klaene}, M.~A. and {Knapen}, J.~H. and {Leauthaud}, A. and 
	{Li}, C. and {Lin}, L. and {Maiolino}, R. and {Malanushenko}, V. and 
	{Malanushenko}, E. and {Mao}, S. and {Maraston}, C. and {McDermid}, R.~M. and 
	{Merrifield}, M.~R. and {Nichol}, R.~C. and {Oravetz}, D. and 
	{Pan}, K. and {Parejko}, J.~K. and {Sanchez}, S.~F. and {Schlegel}, D. and 
	{Simmons}, A. and {Steele}, O. and {Steinmetz}, M. and {Thanjavur}, K. and 
	{Thompson}, B.~A. and {Tinker}, J.~L. and {van den Bosch}, R.~C.~E. and 
	{Westfall}, K.~B. and {Wilkinson}, D. and {Wright}, S. and {Xiao}, T. and 
	{Zhang}, K.},
    title = "{Overview of the SDSS-IV MaNGA Survey: Mapping nearby Galaxies at Apache Point Observatory}",
  journal = {\apj},
archivePrefix = "arXiv",
   eprint = {1412.1482},
 keywords = {galaxies: evolution, galaxies: general, surveys, techniques: imaging spectroscopy},
     year = 2015,
    month = jan,
   volume = 798,
      eid = {7},
    pages = {7},
      doi = {10.1088/0004-637X/798/1/7},
   adsurl = {http://adsabs.harvard.edu/abs/2015ApJ...798....7B},
  adsnote = {Provided by the SAO/NASA Astrophysics Data System}
}

@ARTICLE{Oosterloo07,
   author = {{Oosterloo}, T. and {Fraternali}, F. and {Sancisi}, R.},
    title = "{The Cold Gaseous Halo of NGC 891}",
  journal = {\aj},
archivePrefix = "arXiv",
   eprint = {0705.4034},
 keywords = {galaxies: halos, galaxies: individual: NGC 891, galaxies: ISM, galaxies: kinematics and dynamics, galaxies: structure},
     year = 2007,
    month = sep,
   volume = 134,
    pages = {1019},
      doi = {10.1086/520332},
   adsurl = {http://adsabs.harvard.edu/abs/2007AJ....134.1019O},
  adsnote = {Provided by the SAO/NASA Astrophysics Data System}
}

@ARTICLE{Charlot00,
   author = {{Charlot}, S. and {Fall}, S.~M.},
    title = "{A Simple Model for the Absorption of Starlight by Dust in Galaxies}",
  journal = {\apj},
   eprint = {astro-ph/0003128},
 keywords = {ISM: Dust, Extinction, Galaxies: ISM, Galaxies: Starburst, Infrared: Galaxies, Ultraviolet: Galaxies},
     year = 2000,
    month = aug,
   volume = 539,
    pages = {718-731},
      doi = {10.1086/309250},
   adsurl = {http://adsabs.harvard.edu/abs/2000ApJ...539..718C},
  adsnote = {Provided by the SAO/NASA Astrophysics Data System}
}

@ARTICLE{Bruzual03,
   author = {{Bruzual}, G. and {Charlot}, S.},
    title = "{Stellar population synthesis at the resolution of 2003}",
  journal = {\mnras},
   eprint = {astro-ph/0309134},
 keywords = {stars: evolution, galaxies: evolution, galaxies: formation, galaxies: stellar content},
     year = 2003,
    month = oct,
   volume = 344,
    pages = {1000-1028},
      doi = {10.1046/j.1365-8711.2003.06897.x},
   adsurl = {http://adsabs.harvard.edu/abs/2003MNRAS.344.1000B},
  adsnote = {Provided by the SAO/NASA Astrophysics Data System}
}

@ARTICLE{Hayden14,
   author = {{Hayden}, M.~R. and {Holtzman}, J.~A. and {Bovy}, J. and {Majewski}, S.~R. and 
	{Johnson}, J.~A. and {Allende Prieto}, C. and {Beers}, T.~C. and 
	{Cunha}, K. and {Frinchaboy}, P.~M. and {Garc{\'{\i}}a P{\'e}rez}, A.~E. and 
	{Girardi}, L. and {Hearty}, F.~R. and {Lee}, Y.~S. and {Nidever}, D. and 
	{Schiavon}, R.~P. and {Schlesinger}, K.~J. and {Schneider}, D.~P. and 
	{Schultheis}, M. and {Shetrone}, M. and {Smith}, V.~V. and {Zasowski}, G. and 
	{Bizyaev}, D. and {Feuillet}, D. and {Hasselquist}, S. and {Kinemuchi}, K. and 
	{Malanushenko}, E. and {Malanushenko}, V. and {O'Connell}, R. and 
	{Pan}, K. and {Stassun}, K.},
    title = "{Chemical Cartography with APOGEE: Large-scale Mean Metallicity Maps of the Milky Way Disk}",
  journal = {\aj},
archivePrefix = "arXiv",
   eprint = {1311.4569},
 keywords = {Galaxy: abundances, Galaxy: disk, Galaxy: stellar content, Galaxy: structure},
     year = 2014,
    month = may,
   volume = 147,
      eid = {116},
    pages = {116},
      doi = {10.1088/0004-6256/147/5/116},
   adsurl = {http://adsabs.harvard.edu/abs/2014AJ....147..116H},
  adsnote = {Provided by the SAO/NASA Astrophysics Data System}
}

@ARTICLE{Hayden15,
   author = {{Hayden}, M.~R. and {Bovy}, J. and {Holtzman}, J.~A. and {Nidever}, D.~L. and 
	{Bird}, J.~C. and {Weinberg}, D.~H. and {Andrews}, B.~H. and 
	{Majewski}, S.~R. and {Allende Prieto}, C. and {Anders}, F. and 
	{Beers}, T.~C. and {Bizyaev}, D. and {Chiappini}, C. and {Cunha}, K. and 
	{Frinchaboy}, P. and {Garc{\'{\i}}a-Her{\'n}andez}, D.~A. and 
	{Garc{\'{\i}}a P{\'e}rez}, A.~E. and {Girardi}, L. and {Harding}, P. and 
	{Hearty}, F.~R. and {Johnson}, J.~A. and {M{\'e}sz{\'a}ros}, S. and 
	{Minchev}, I. and {O'Connell}, R. and {Pan}, K. and {Robin}, A.~C. and 
	{Schiavon}, R.~P. and {Schneider}, D.~P. and {Schultheis}, M. and 
	{Shetrone}, M. and {Skrutskie}, M. and {Steinmetz}, M. and {Smith}, V. and 
	{Wilson}, J.~C. and {Zamora}, O. and {Zasowski}, G.},
    title = "{Chemical Cartography with APOGEE: Metallicity Distribution Functions and the Chemical Structure of the Milky Way Disk}",
  journal = {\apj},
archivePrefix = "arXiv",
   eprint = {1503.02110},
 keywords = {Galaxy: abundances, Galaxy: disk, Galaxy: evolution, Galaxy: stellar content, Galaxy: structure},
     year = 2015,
    month = aug,
   volume = 808,
      eid = {132},
    pages = {132},
      doi = {10.1088/0004-637X/808/2/132},
   adsurl = {http://adsabs.harvard.edu/abs/2015ApJ...808..132H},
  adsnote = {Provided by the SAO/NASA Astrophysics Data System}
}

@ARTICLE{Bovy12c,
   author = {{Bovy}, J. and {Rix}, H.-W. and {Hogg}, D.~W. and {Beers}, T.~C. and 
	{Lee}, Y.~S. and {Zhang}, L.},
    title = "{The Vertical Motions of Mono-abundance Sub-populations in the Milky Way Disk}",
  journal = {\apj},
archivePrefix = "arXiv",
   eprint = {1202.2819},
 primaryClass = "astro-ph.GA",
 keywords = {Galaxy: abundances, Galaxy: disk, Galaxy: evolution, Galaxy: formation, Galaxy: kinematics and dynamics, Galaxy: structure},
     year = 2012,
    month = aug,
   volume = 755,
      eid = {115},
    pages = {115},
      doi = {10.1088/0004-637X/755/2/115},
   adsurl = {http://adsabs.harvard.edu/abs/2012ApJ...755..115B},
  adsnote = {Provided by the SAO/NASA Astrophysics Data System}
}

@ARTICLE{Seth05a,
   author = {{Seth}, A.~C. and {Dalcanton}, J.~J. and {de Jong}, R.~S.},
    title = "{A Study of Edge-On Galaxies with the Hubble Space Telescope Advanced Camera for Surveys. II. Vertical Distribution of the Resolved Stellar Population}",
  journal = {\aj},
   eprint = {astro-ph/0506117},
 keywords = {ISM: Dust, Extinction, Galaxies: Formation, galaxies: individual (IC 5052), Galaxies: Individual: NGC Number: NGC 55, galaxies: individual (NGC 4144), Galaxies: Individual: NGC Number: NGC 4244, Galaxies: Individual: NGC Number: NGC 4631, galaxies: individual (NGC 5023), Galaxies: Spiral, Galaxies: Structure},
     year = 2005,
    month = oct,
   volume = 130,
    pages = {1574-1592},
      doi = {10.1086/444620},
   adsurl = {http://adsabs.harvard.edu/abs/2005AJ....130.1574S},
  adsnote = {Provided by the SAO/NASA Astrophysics Data System}
}

@ARTICLE{Dorman15,
   author = {{Dorman}, C.~E. and {Guhathakurta}, P. and {Seth}, A.~C. and 
	{Weisz}, D.~R. and {Bell}, E.~F. and {Dalcanton}, J.~J. and 
	{Gilbert}, K.~M. and {Hamren}, K.~M. and {Lewis}, A.~R. and 
	{Skillman}, E.~D. and {Toloba}, E. and {Williams}, B.~F.},
    title = "{A Clear Age-Velocity Dispersion Correlation in Andromeda{\rsquo}s Stellar Disk}",
  journal = {\apj},
archivePrefix = "arXiv",
   eprint = {1502.03820},
 keywords = {galaxies: individual: M31, galaxies: kinematics and dynamics, galaxies: spiral, galaxies: stellar content},
     year = 2015,
    month = apr,
   volume = 803,
      eid = {24},
    pages = {24},
      doi = {10.1088/0004-637X/803/1/24},
   adsurl = {http://adsabs.harvard.edu/abs/2015ApJ...803...24D},
  adsnote = {Provided by the SAO/NASA Astrophysics Data System}
}

@ARTICLE{Bernard15,
   author = {{Bernard}, E.~J. and {Ferguson}, A.~M.~N. and {Chapman}, S.~C. and 
	{Ibata}, R.~A. and {Irwin}, M.~J. and {Lewis}, G.~F. and {McConnachie}, A.~W.
	},
    title = "{The spatially-resolved star formation history of the M31 outer disc}",
  journal = {\mnras},
archivePrefix = "arXiv",
   eprint = {1508.01559},
 keywords = {galaxies: evolution, galaxies: formation, galaxies: individual: M31, Local Group, galaxies: stellar content, galaxies: structure},
     year = 2015,
    month = oct,
   volume = 453,
    pages = {L113-L117},
      doi = {10.1093/mnrasl/slv116},
   adsurl = {http://adsabs.harvard.edu/abs/2015MNRAS.453L.113B},
  adsnote = {Provided by the SAO/NASA Astrophysics Data System}
}

@ARTICLE{Bird13,
   author = {{Bird}, J.~C. and {Kazantzidis}, S. and {Weinberg}, D.~H. and 
	{Guedes}, J. and {Callegari}, S. and {Mayer}, L. and {Madau}, P.
	},
    title = "{Inside out and Upside down: Tracing the Assembly of a Simulated Disk Galaxy Using Mono-age Stellar Populations}",
  journal = {\apj},
archivePrefix = "arXiv",
   eprint = {1301.0620},
 keywords = {galaxies: evolution, galaxies: spiral, Galaxy: evolution, Galaxy: formation, Galaxy: kinematics and dynamics, Galaxy: structure },
     year = 2013,
    month = aug,
   volume = 773,
      eid = {43},
    pages = {43},
      doi = {10.1088/0004-637X/773/1/43},
   adsurl = {http://adsabs.harvard.edu/abs/2013ApJ...773...43B},
  adsnote = {Provided by the SAO/NASA Astrophysics Data System}
}

@ARTICLE{Worthey94,
   author = {{Worthey}, G. and {Faber}, S.~M. and {Gonzalez}, J.~J. and {Burstein}, D.
	},
    title = "{Old stellar populations. 5: Absorption feature indices for the complete LICK/IDS sample of stars}",
  journal = {\apjs},
 keywords = {Absorption Spectra, Sky Surveys (Astronomy), Star Distribution, Abundance, Metallicity, Stellar Atmospheres, Stellar Gravitation, Stellar Temperature},
     year = 1994,
    month = oct,
   volume = 94,
    pages = {687-722},
      doi = {10.1086/192087},
   adsurl = {http://adsabs.harvard.edu/abs/1994ApJS...94..687W},
  adsnote = {Provided by the SAO/NASA Astrophysics Data System}
}


@ARTICLE{Worthey97,
   author = {{Worthey}, G. and {Ottaviani}, D.~L.},
    title = "{H{$\gamma$} and H{$\delta$} Absorption Features in Stars and Stellar Populations}",
  journal = {\apjs},
 keywords = {GALAXIES: EVOLUTION, GALAXIES: STELLAR CONTENT, LINE: PROFILES, STARS: ABUNDANCES, Galaxies: Evolution, Galaxies: Stellar Content, Line: Profiles, Stars: Abundances},
     year = 1997,
    month = aug,
   volume = 111,
    pages = {377-386},
      doi = {10.1086/313021},
   adsurl = {http://adsabs.harvard.edu/abs/1997ApJS..111..377W},
  adsnote = {Provided by the SAO/NASA Astrophysics Data System}
}

@ARTICLE{Balogh99,
   author = {{Balogh}, M.~L. and {Morris}, S.~L. and {Yee}, H.~K.~C. and 
	{Carlberg}, R.~G. and {Ellingson}, E.},
    title = "{Differential Galaxy Evolution in Cluster and Field Galaxies at z\~{}0.3}",
  journal = {\apj},
   eprint = {astro-ph/9906470},
 keywords = {GALAXIES: CLUSTERS: GENERAL, GALAXIES: EVOLUTION, GALAXIES: PHOTOMETRY, GALAXIES: STELLAR CONTENT, Galaxies: Clusters: General, Galaxies: Evolution, Galaxies: Photometry, Galaxies: Stellar Content},
     year = 1999,
    month = dec,
   volume = 527,
    pages = {54-79},
      doi = {10.1086/308056},
   adsurl = {http://adsabs.harvard.edu/abs/1999ApJ...527...54B},
  adsnote = {Provided by the SAO/NASA Astrophysics Data System}
}

@ARTICLE{Trager00,
   author = {{Trager}, S.~C. and {Faber}, S.~M. and {Worthey}, G. and {Gonz{\'a}lez}, J.~J.
	},
    title = "{The Stellar Population Histories of Local Early-Type Galaxies. I. Population Parameters}",
  journal = {\aj},
   eprint = {astro-ph/0001072},
 keywords = {GALAXIES: ABUNDANCES, GALAXIES: ELLIPTICAL AND LENTICULAR, CD, GALAXIES: EVOLUTION, GALAXIES: STELLAR CONTENT},
     year = 2000,
    month = apr,
   volume = 119,
    pages = {1645-1676},
      doi = {10.1086/301299},
   adsurl = {http://adsabs.harvard.edu/abs/2000AJ....119.1645T},
  adsnote = {Provided by the SAO/NASA Astrophysics Data System}
}

@ARTICLE{Trager05,
   author = {{Trager}, S.~C. and {Worthey}, G. and {Faber}, S.~M. and {Dressler}, A.},
    title = "{Hot stars in old stellar populations: a continuing need for intermediate ages}",
  journal = {\mnras},
   eprint = {astro-ph/0506336},
 keywords = {galaxies: clusters: individual: Coma, galaxies: elliptical and lenticular, cD, galaxies: stellar content},
     year = 2005,
    month = sep,
   volume = 362,
    pages = {2-8},
      doi = {10.1111/j.1365-2966.2005.09288.x},
   adsurl = {http://adsabs.harvard.edu/abs/2005MNRAS.362....2T},
  adsnote = {Provided by the SAO/NASA Astrophysics Data System}
}

@ARTICLE{Trager08,
   author = {{Trager}, S.~C. and {Faber}, S.~M. and {Dressler}, A.},
    title = "{The stellar population histories of early-type galaxies - III. The Coma cluster}",
  journal = {\mnras},
archivePrefix = "arXiv",
   eprint = {0803.0464},
 keywords = {galaxies: clusters: individual: Coma (= Abell 1656) , galaxies: elliptical and lenticular, cD , galaxies: evolution , galaxies: stellar content},
     year = 2008,
    month = may,
   volume = 386,
    pages = {715-747},
      doi = {10.1111/j.1365-2966.2008.13132.x},
   adsurl = {http://adsabs.harvard.edu/abs/2008MNRAS.386..715T},
  adsnote = {Provided by the SAO/NASA Astrophysics Data System}
}

@ARTICLE{Trager09,
   author = {{Trager}, S.~C. and {Somerville}, R.~S.},
    title = "{Probing recent star formation with absorption-line strengths in hierarchical models and observations}",
  journal = {\mnras},
archivePrefix = "arXiv",
   eprint = {0902.2336},
 primaryClass = "astro-ph.CO",
 keywords = {galaxies: clusters: individual: Coma , galaxies: ellipticals and lenticulars, cD , galaxies: evolution , galaxies: formation , galaxies: stellar content},
     year = 2009,
    month = may,
   volume = 395,
    pages = {608-624},
      doi = {10.1111/j.1365-2966.2009.14571.x},
   adsurl = {http://adsabs.harvard.edu/abs/2009MNRAS.395..608T},
  adsnote = {Provided by the SAO/NASA Astrophysics Data System}
}

@ARTICLE{Thomas03,
   author = {{Thomas}, D. and {Maraston}, C. and {Bender}, R.},
    title = "{Stellar population models of Lick indices with variable element abundance ratios}",
  journal = {\mnras},
   eprint = {astro-ph/0209250},
 keywords = {stars: abundances, Galaxy: abundances, globular clusters: general, galaxies: elliptical and lenticular, cD, galaxies: stellar content},
     year = 2003,
    month = mar,
   volume = 339,
    pages = {897-911},
      doi = {10.1046/j.1365-8711.2003.06248.x},
   adsurl = {http://adsabs.harvard.edu/abs/2003MNRAS.339..897T},
  adsnote = {Provided by the SAO/NASA Astrophysics Data System}
}

@ARTICLE{Rand11,
   author = {{Rand}, R.~J. and {Wood}, K. and {Benjamin}, R.~A. and {Meidt}, S.~E.
	},
    title = "{Infrared Spectroscopy of the Diffuse Ionized Halos of Edge-on Galaxies}",
  journal = {\apj},
archivePrefix = "arXiv",
   eprint = {1101.1491},
 keywords = {galaxies: individual: NGC 891 NGC 5775 NGC 3044, galaxies: ISM, galaxies: spiral, methods: numerical},
     year = 2011,
    month = feb,
   volume = 728,
      eid = {163},
    pages = {163},
      doi = {10.1088/0004-637X/728/2/163},
   adsurl = {http://adsabs.harvard.edu/abs/2011ApJ...728..163R},
  adsnote = {Provided by the SAO/NASA Astrophysics Data System}
}

@ARTICLE{Angel77,
   author = {{Angel}, J.~R.~P. and {Adams}, M.~T. and {Boroson}, T.~A. and 
	{Moore}, R.~L.},
    title = "{A very large optical telescope array linked with fused silica fibers}",
  journal = {\apj},
 keywords = {Fiber Optics, Glass Fibers, Light Transmission, Optical Waveguides, Silica Glass, Telescopes, Arrays, Data Links, Mirrors, Photosensitivity, Reflecting Telescopes, Systems Engineering},
     year = 1977,
    month = dec,
   volume = 218,
    pages = {776-782},
      doi = {10.1086/155734},
   adsurl = {http://adsabs.harvard.edu/abs/1977ApJ...218..776A},
  adsnote = {Provided by the SAO/NASA Astrophysics Data System}
}

@ARTICLE{Bruzual83,
   author = {{Bruzual A.}, G.},
    title = "{Spectral evolution of galaxies. I - Early-type systems}",
  journal = {\apj},
 keywords = {Astronomical Photometry, Galactic Evolution, Iue, Stellar Evolution, Ultraviolet Spectra, Astronomical Models, Late Stars, Light Curve, Luminosity, Spectral Energy Distribution, Star Formation Rate},
     year = 1983,
    month = oct,
   volume = 273,
    pages = {105-127},
      doi = {10.1086/161352},
   adsurl = {http://adsabs.harvard.edu/abs/1983ApJ...273..105B},
  adsnote = {Provided by the SAO/NASA Astrophysics Data System}
}

@INPROCEEDINGS{Xilouris99,
   author = {{Xilouris}, E.~M. and {Kylafis}, N.~D. and {Papamastorakis}, J.
	},
    title = "{Are spiral galaxies optically thin or thick?}",
 keywords = {GALAXIES, DUST, EXTINCTION},
booktitle = {The Universe as Seen by ISO},
     year = 1999,
   series = {ESA Special Publication},
   volume = 427,
   editor = {{Cox}, P. and {Kessler}, M.},
    month = mar,
    pages = {993},
   adsurl = {http://adsabs.harvard.edu/abs/1999ESASP.427..993X},
  adsnote = {Provided by the SAO/NASA Astrophysics Data System}
}

@ARTICLE{Hamilton85,
   author = {{Hamilton}, D.},
    title = "{The spectral evolution of galaxies. I - an observational approach}",
  journal = {\apj},
 keywords = {Astronomical Spectroscopy, Elliptical Galaxies, Galactic Evolution, Spectral Emission, Charge Coupled Devices, Cosmology, Hubble Diagram, Red Shift, Star Formation Rate},
     year = 1985,
    month = oct,
   volume = 297,
    pages = {371-389},
      doi = {10.1086/163537},
   adsurl = {http://adsabs.harvard.edu/abs/1985ApJ...297..371H},
  adsnote = {Provided by the SAO/NASA Astrophysics Data System}
}

@ARTICLE{Tremonti04,
   author = {{Tremonti}, C.~A. and {Heckman}, T.~M. and {Kauffmann}, G. and 
	{Brinchmann}, J. and {Charlot}, S. and {White}, S.~D.~M. and 
	{Seibert}, M. and {Peng}, E.~W. and {Schlegel}, D.~J. and {Uomoto}, A. and 
	{Fukugita}, M. and {Brinkmann}, J.},
    title = "{The Origin of the Mass-Metallicity Relation: Insights from 53,000 Star-forming Galaxies in the Sloan Digital Sky Survey}",
  journal = {\apj},
   eprint = {astro-ph/0405537},
 keywords = {Galaxies: Abundances, Galaxies: Evolution, Galaxies: Fundamental Parameters, Galaxies: Statistics},
     year = 2004,
    month = oct,
   volume = 613,
    pages = {898-913},
      doi = {10.1086/423264},
   adsurl = {http://adsabs.harvard.edu/abs/2004ApJ...613..898T},
  adsnote = {Provided by the SAO/NASA Astrophysics Data System}
}

@ARTICLE{Bovy12,
   author = {{Bovy}, J. and {Rix}, H.-W. and {Liu}, C. and {Hogg}, D.~W. and 
	{Beers}, T.~C. and {Lee}, Y.~S.},
    title = "{The Spatial Structure of Mono-abundance Sub-populations of the Milky Way Disk}",
  journal = {\apj},
archivePrefix = "arXiv",
   eprint = {1111.1724},
 primaryClass = "astro-ph.GA",
 keywords = {Galaxy: abundances, Galaxy: disk, Galaxy: evolution, Galaxy: formation, Galaxy: fundamental parameters, Galaxy: structure},
     year = 2012,
    month = jul,
   volume = 753,
      eid = {148},
    pages = {148},
      doi = {10.1088/0004-637X/753/2/148},
   adsurl = {http://adsabs.harvard.edu/abs/2012ApJ...753..148B},
  adsnote = {Provided by the SAO/NASA Astrophysics Data System}
}

@ARTICLE{Kauffmann03,
   author = {{Kauffmann}, G. and {Heckman}, T.~M. and {White}, S.~D.~M. and 
	{Charlot}, S. and {Tremonti}, C. and {Peng}, E.~W. and {Seibert}, M. and 
	{Brinkmann}, J. and {Nichol}, R.~C. and {SubbaRao}, M. and {York}, D.
	},
    title = "{The dependence of star formation history and internal structure on stellar mass for 10$^{5}$ low-redshift galaxies}",
  journal = {\mnras},
   eprint = {astro-ph/0205070},
 keywords = {galaxies: evolution, galaxies: formation, galaxies: stellar content},
     year = 2003,
    month = may,
   volume = 341,
    pages = {54-69},
      doi = {10.1046/j.1365-8711.2003.06292.x},
   adsurl = {http://adsabs.harvard.edu/abs/2003MNRAS.341...54K},
  adsnote = {Provided by the SAO/NASA Astrophysics Data System}
}

@ARTICLE{Chabrier03,
   author = {{Chabrier}, G.},
    title = "{Galactic Stellar and Substellar Initial Mass Function}",
  journal = {\pasp},
   eprint = {astro-ph/0304382},
 keywords = {Galaxies: Luminosity Function, Mass Function, Invited Reviews},
     year = 2003,
    month = jul,
   volume = 115,
    pages = {763-795},
      doi = {10.1086/376392},
   adsurl = {http://adsabs.harvard.edu/abs/2003PASP..115..763C},
  adsnote = {Provided by the SAO/NASA Astrophysics Data System}
}

@ARTICLE{LeBorgne03,
   author = {{Le Borgne}, J.-F. and {Bruzual}, G. and {Pell{\'o}}, R. and 
	{Lan{\c c}on}, A. and {Rocca-Volmerange}, B. and {Sanahuja}, B. and 
	{Schaerer}, D. and {Soubiran}, C. and {V{\'{\i}}lchez-G{\'o}mez}, R.
	},
    title = "{STELIB: A library of stellar spectra at R \~{} 2000}",
  journal = {\aap},
   eprint = {astro-ph/0302334},
 keywords = {atlases, stars: fundamental parameters, galaxies: stellar content.},
     year = 2003,
    month = may,
   volume = 402,
    pages = {433-442},
      doi = {10.1051/0004-6361:20030243},
   adsurl = {http://adsabs.harvard.edu/abs/2003A%26A...402..433L},
  adsnote = {Provided by the SAO/NASA Astrophysics Data System}
}

@ARTICLE{Nelson12,
   author = {{Nelson}, E.~J. and {van Dokkum}, P.~G. and {Brammer}, G. and 
	{F{\"o}rster Schreiber}, N. and {Franx}, M. and {Fumagalli}, M. and 
	{Patel}, S. and {Rix}, H.-W. and {Skelton}, R.~E. and {Bezanson}, R. and 
	{Da Cunha}, E. and {Kriek}, M. and {Labbe}, I. and {Lundgren}, B. and 
	{Quadri}, R. and {Schmidt}, K.~B.},
    title = "{Spatially Resolved H{$\alpha$} Maps and Sizes of 57 Strongly Star-forming Galaxies at z \~{} 1 from 3D-HST: Evidence for Rapid Inside-out Assembly of Disk Galaxies}",
  journal = {\apjl},
archivePrefix = "arXiv",
   eprint = {1202.1822},
 keywords = {galaxies: evolution, galaxies: formation, galaxies: high-redshift},
     year = 2012,
    month = mar,
   volume = 747,
      eid = {L28},
    pages = {L28},
      doi = {10.1088/2041-8205/747/2/L28},
   adsurl = {http://adsabs.harvard.edu/abs/2012ApJ...747L..28N},
  adsnote = {Provided by the SAO/NASA Astrophysics Data System}
}


@ARTICLE{Nelson13,
   author = {{Nelson}, E.~J. and {van Dokkum}, P.~G. and {Momcheva}, I. and 
	{Brammer}, G. and {Lundgren}, B. and {Skelton}, R.~E. and {Whitaker}, K.~E. and 
	{Da Cunha}, E. and {F{\"o}rster Schreiber}, N. and {Franx}, M. and 
	{Fumagalli}, M. and {Kriek}, M. and {Labbe}, I. and {Leja}, J. and 
	{Patel}, S. and {Rix}, H.-W. and {Schmidt}, K.~B. and {van der Wel}, A. and 
	{Wuyts}, S.},
    title = "{The Radial Distribution of Star Formation in Galaxies at z \~{} 1 from the 3D-HST Survey}",
  journal = {\apjl},
archivePrefix = "arXiv",
   eprint = {1301.0320},
 keywords = {galaxies: evolution, galaxies: formation, galaxies: high-redshift, galaxies: kinematics and dynamics, galaxies: star formation, galaxies: structure},
     year = 2013,
    month = jan,
   volume = 763,
      eid = {L16},
    pages = {L16},
      doi = {10.1088/2041-8205/763/1/L16},
   adsurl = {http://adsabs.harvard.edu/abs/2013ApJ...763L..16N},
  adsnote = {Provided by the SAO/NASA Astrophysics Data System}
}

@ARTICLE{Nelson15,
   author = {{Nelson}, E.~J. and {van Dokkum}, P.~G. and {F{\"o}rster Schreiber}, N.~M. and 
	{Franx}, M. and {Brammer}, G.~B. and {Momcheva}, I.~G. and {Wuyts}, S. and 
	{Whitaker}, K.~E. and {Skelton}, R.~E. and {Fumagalli}, M. and 
	{Kriek}, M. and {Labb{\'e}}, I. and {Leja}, J. and {Rix}, H.-W. and 
	{Tacconi}, L.~J. and {van der Wel}, A. and {van den Bosch}, F.~C. and 
	{Oesch}, P.~A. and {Dickey}, C. and {Ulf Lange}, J.},
    title = "{Where stars form: inside-out growth and coherent star formation from HST Halpha maps of 2676 galaxies across the main sequence at z\~{}1}",
  journal = {ArXiv e-prints},
archivePrefix = "arXiv",
   eprint = {1507.03999},
 keywords = {Astrophysics - Astrophysics of Galaxies},
     year = 2015,
    month = jul,
   adsurl = {http://adsabs.harvard.edu/abs/2015arXiv150703999N},
  adsnote = {Provided by the SAO/NASA Astrophysics Data System}
}

@ARTICLE{Sanchez-Blazquez07,
   author = {{S{\'a}nchez-Bl{\'a}zquez}, P. and {Forbes}, D.~A. and {Strader}, J. and 
	{Brodie}, J. and {Proctor}, R.},
    title = "{Spatially resolved spectroscopy of early-type galaxies over a range in mass}",
  journal = {\mnras},
   eprint = {astro-ph/0702572},
 keywords = {galaxies: abundances, galaxies: elliptical and lenticular, cD, galaxies: evolution, galaxies: formation, galaxies: kinematics and dynamics},
     year = 2007,
    month = may,
   volume = 377,
    pages = {759-786},
      doi = {10.1111/j.1365-2966.2007.11647.x},
   adsurl = {http://adsabs.harvard.edu/abs/2007MNRAS.377..759S},
  adsnote = {Provided by the SAO/NASA Astrophysics Data System}
}

@ARTICLE{Sanchez-Blazquez14,
   author = {{S{\'a}nchez-Bl{\'a}zquez}, P. and {Rosales-Ortega}, F.~F. and 
	{M{\'e}ndez-Abreu}, J. and {P{\'e}rez}, I. and {S{\'a}nchez}, S.~F. and 
	{Zibetti}, S. and {Aguerri}, J.~A.~L. and {Bland-Hawthorn}, J. and 
	{Catal{\'a}n-Torrecilla}, C. and {Cid Fernandes}, R. and {de Amorim}, A. and 
	{de Lorenzo-Caceres}, A. and {Falc{\'o}n-Barroso}, J. and {Galazzi}, A. and 
	{Garc{\'{\i}}a Benito}, R. and {Gil de Paz}, A. and {Gonz{\'a}lez Delgado}, R. and 
	{Husemann}, B. and {Iglesias-P{\'a}ramo}, J. and {Jungwiert}, B. and 
	{Marino}, R.~A. and {M{\'a}rquez}, I. and {Mast}, D. and {Mendoza}, M.~A. and 
	{Moll{\'a}}, M. and {Papaderos}, P. and {Ruiz-Lara}, T. and 
	{van de Ven}, G. and {Walcher}, C.~J. and {Wisotzki}, L.},
    title = "{Stellar population gradients in galaxy discs from the CALIFA survey. The influence of bars}",
  journal = {\aap},
archivePrefix = "arXiv",
   eprint = {1407.0002},
 keywords = {galaxies: abundances, galaxies: evolution, galaxies: formation, galaxies: spiral, galaxies: stellar content},
     year = 2014,
    month = oct,
   volume = 570,
      eid = {A6},
    pages = {A6},
      doi = {10.1051/0004-6361/201423635},
   adsurl = {http://adsabs.harvard.edu/abs/2014A%26A...570A...6S},
  adsnote = {Provided by the SAO/NASA Astrophysics Data System}
}

@ARTICLE{Pan15,
   author = {{Pan}, Z. and {Li}, J. and {Lin}, W. and {Wang}, J. and {Fan}, L. and 
	{Kong}, X.},
    title = "{From Outside-in to Inside-out: Galaxy Assembly Mode Depends on Stellar Mass}",
  journal = {\apjl},
archivePrefix = "arXiv",
   eprint = {1504.06821},
 keywords = {galaxies: evolution, galaxies: star formation},
     year = 2015,
    month = may,
   volume = 804,
      eid = {L42},
    pages = {L42},
      doi = {10.1088/2041-8205/804/2/L42},
   adsurl = {http://adsabs.harvard.edu/abs/2015ApJ...804L..42P},
  adsnote = {Provided by the SAO/NASA Astrophysics Data System}
}

@ARTICLE{Mosby15,
   author = {{Mosby}, G. and {Tremonti}, C.~A. and {Hooper}, E.~J. and {Wolf}, M.~J. and 
	{Sheinis}, A.~I. and {Richards}, J.~W.},
    title = "{Simple stellar population modelling of low S/N galaxy spectra and quasar host galaxy applications}",
  journal = {\mnras},
archivePrefix = "arXiv",
   eprint = {1408.3335},
 keywords = {methods: analytical, methods: data analysis, galaxies: active, galaxies: general, quasars: general, galaxies: stellar content},
     year = 2015,
    month = feb,
   volume = 447,
    pages = {1638-1660},
      doi = {10.1093/mnras/stu2531},
   adsurl = {http://adsabs.harvard.edu/abs/2015MNRAS.447.1638M},
  adsnote = {Provided by the SAO/NASA Astrophysics Data System}
}

@ARTICLE{Kamphuis07b,
   author = {{Kamphuis}, P. and {Holwerda}, B.~W. and {Allen}, R.~J. and {Peletier}, R.~F. and {van der Kruit}, P.~C.},
    title = "{A dust component \~{}2 kpc above the plane in NGC 891}",
  journal = {\aap},
archivePrefix = "arXiv",
   eprint = {0706.2275},
 keywords = {galaxies: halos, galaxies: ISM, galaxies: spiral, galaxies: structure},
     year = 2007,
    month = aug,
   volume = 471,
    pages = {L1-L4},
      doi = {10.1051/0004-6361:20077951},
   adsurl = {http://adsabs.harvard.edu/abs/2007A%26A...471L...1K},
  adsnote = {Provided by the SAO/NASA Astrophysics Data System}
}

@ARTICLE{Kamphuis07a,
   author = {{Kamphuis}, P. and {Peletier}, R.~F. and {Dettmar}, R.-J. and {van der Hulst}, J.~M. and {van der Kruit}, P.~C. and {Allen}, R.~J. },
    title = "{Kinematics of diffuse ionized gas in the disk halo interface of NGC 891 from Fabry-P{\'e}rot observations}",
  journal = {\aap},
   eprint = {astro-ph/0703363},
 keywords = {galaxies: kinematics and dynamics, galaxies: halos, galaxies: spiral, Galaxy: structure},
     year = 2007,
    month = jun,
   volume = 468,
    pages = {951-962},
      doi = {10.1051/0004-6361:20066989},
   adsurl = {http://adsabs.harvard.edu/abs/2007A%26A...468..951K},
  adsnote = {Provided by the SAO/NASA Astrophysics Data System}
}

@ARTICLE{Scoville93,
   author = {{Scoville}, N.~Z. and {Thakkar}, D. and {Carlstrom}, J.~E. and 
{Sargent}, A.~I.},
    title = "{The scale height and radial distribution of molecular gas in NGC 891}",
  journal = {\apjl},
 keywords = {Galactic Nuclei, Molecular Gases, Radial Distribution, Spiral Galaxies, Vertical Distribution, Carbon Monoxide, Millimeter Waves},
     year = 1993,
    month = feb,
   volume = 404,
    pages = {L59-L62},
      doi = {10.1086/186743},
   adsurl = {http://adsabs.harvard.edu/abs/1993ApJ...404L..59S},
  adsnote = {Provided by the SAO/NASA Astrophysics Data System}
}

@ARTICLE{Swaters97,
   author = {{Swaters}, R.~A. and {Sancisi}, R. and {van der Hulst}, J.~M.},
    title = "{The H I Halo of NGC 891}",
  journal = {\apj},
   eprint = {astro-ph/9707150},
 keywords = {Galaxies: Halos, Galaxies: Individual: NGC Number: NGC 891, Galaxies: ISM, Galaxies: Kinematics and Dynamics, Radio Lines: Galaxies},
     year = 1997,
    month = dec,
   volume = 491,
    pages = {140-145},
   adsurl = {http://adsabs.harvard.edu/abs/1997ApJ...491..140S},
  adsnote = {Provided by the SAO/NASA Astrophysics Data System}
}

@ARTICLE{Rand90,
   author = {{Rand}, R.~J. and {Kulkarni}, S.~R. and {Hester}, J.~J.},
    title = "{The distribution of warm ionized gas in NGC 891}",
  journal = {\apjl},
 keywords = {Interstellar Gas, Ion Distribution, Ionized Gases, Line Spectra, Spiral Galaxies, Star Formation, Galactic Radiation, H Alpha Line, H Ii Regions, Halos, Milky Way Galaxy},
     year = 1990,
    month = mar,
   volume = 352,
    pages = {L1-L4},
      doi = {10.1086/185679},
   adsurl = {http://adsabs.harvard.edu/abs/1990ApJ...352L...1R},
  adsnote = {Provided by the SAO/NASA Astrophysics Data System}
}

@ARTICLE{Howk00,
   author = {{Howk}, J.~C. and {Savage}, B.~D.},
    title = "{The Multiphase Halo of NGC 891: WIYN H{$\alpha$} and BVI Imaging}",
  journal = {\aj},
   eprint = {astro-ph/9910248},
 keywords = {ISM: DUST, EXTINCTION, GALAXIES: INDIVIDUAL (NGC 891), GALAXIES: ISM, GALAXIES: SPIRAL, GALAXIES: STRUCTURE, ISM: CLOUDS},
     year = 2000,
    month = feb,
   volume = 119,
    pages = {644-667},
      doi = {10.1086/301210},
   adsurl = {http://adsabs.harvard.edu/abs/2000AJ....119..644H},
  adsnote = {Provided by the SAO/NASA Astrophysics Data System}
}

@ARTICLE{Wielen77,
   author = {{Wielen}, R.},
    title = "{The diffusion of stellar orbits derived from the observed age-dependence of the velocity dispersion}",
  journal = {\aap},
 keywords = {Diffusion Coefficient, Orbital Mechanics, Stellar Evolution, Stellar Motions, Stellar Orbits, Velocity Distribution, Age Factor, Galactic Structure, Gravitational Fields, Stellar Models},
     year = 1977,
    month = sep,
   volume = 60,
    pages = {263-275},
   adsurl = {http://adsabs.harvard.edu/abs/1977A%26A....60..263W},
  adsnote = {Provided by the SAO/NASA Astrophysics Data System}
}

@ARTICLE{Aumer09,
   author = {{Aumer}, M. and {Binney}, J.~J.},
    title = "{Kinematics and history of the solar neighbourhood revisited}",
  journal = {\mnras},
archivePrefix = "arXiv",
   eprint = {0905.2512},
 keywords = {stars: kinematics , Galaxy: kinematics and dynamics , solar neighbourhood},
     year = 2009,
    month = aug,
   volume = 397,
    pages = {1286-1301},
      doi = {10.1111/j.1365-2966.2009.15053.x},
   adsurl = {http://adsabs.harvard.edu/abs/2009MNRAS.397.1286A},
  adsnote = {Provided by the SAO/NASA Astrophysics Data System}
}

@ARTICLE{Yim11,
   author = {{Yim}, K. and {Wong}, T. and {Howk}, J.~C. and {van der Hulst}, J.~M.},
    title = "{The Interstellar Medium and Star Formation in Edge-on Galaxies. I. NGC 891}",
  journal = {\aj},
archivePrefix = "arXiv",
   eprint = {1011.3587},
 keywords = {galaxies: individual: NGC 891, galaxies: ISM, galaxies: kinematics and dynamics, stars: formation},
     year = 2011,
    month = feb,
   volume = 141,
      eid = {48},
    pages = {48},
      doi = {10.1088/0004-6256/141/2/48},
   adsurl = {http://adsabs.harvard.edu/abs/2011AJ....141...48Y},
  adsnote = {Provided by the SAO/NASA Astrophysics Data System}
}

@ARTICLE{Shostak84,
   author = {{Shostak}, G.~S. and {van der Kruit}, P.~C.},
    title = "{Studies of nearly face-on spiral galaxies. II - H I synthesis observations and optical surface photometry of NGC 628}",
  journal = {\aap},
 keywords = {Galactic Structure, Hydrogen Clouds, Mass To Light Ratios, Radial Velocity, Radio Galaxies, Spiral Galaxies, Astronomical Photometry, Brightness Distribution, Data Simulation, Galactic Rotation, H Lines, Mass Distribution, Star Formation Rate},
     year = 1984,
    month = mar,
   volume = 132,
    pages = {20-32},
   adsurl = {http://adsabs.harvard.edu/abs/1984A%26A...132...20S},
  adsnote = {Provided by the SAO/NASA Astrophysics Data System}
}

@ARTICLE{Tamburro09,
   author = {{Tamburro}, D. and {Rix}, H.-W. and {Leroy}, A.~K. and {Mac Low}, M.-M. and 
{Walter}, F. and {Kennicutt}, R.~C. and {Brinks}, E. and {de Blok}, W.~J.~G.},
    title = "{What is Driving the H I Velocity Dispersion?}",
  journal = {\aj},
archivePrefix = "arXiv",
   eprint = {0903.0183},
 primaryClass = "astro-ph.GA",
 keywords = {galaxies: dwarf, galaxies: evolution, galaxies: ISM, galaxies: kinematics and dynamics, galaxies: spiral, stars: formation},
     year = 2009,
    month = may,
   volume = 137,
    pages = {4424-4435},
      doi = {10.1088/0004-6256/137/5/4424},
   adsurl = {http://adsabs.harvard.edu/abs/2009AJ....137.4424T},
  adsnote = {Provided by the SAO/NASA Astrophysics Data System}
}

@ARTICLE{Pilyugin96a,
   author = {{Pilyugin}, L.~S. and {Edmunds}, M.~G.},
    title = "{Chemical evolution of the Milky Way Galaxy. I. On the infall model of galactic chemical evolution.}",
  journal = {\aap},
 keywords = {GALAXY: ABUNDANCES, GALAXY: EVOLUTION, GALAXY: HALO, GALAXY: SOLAR NEIGHBOURHOOD},
     year = 1996,
    month = sep,
   volume = 313,
    pages = {783-791},
   adsurl = {http://adsabs.harvard.edu/abs/1996A%26A...313..783P},
  adsnote = {Provided by the SAO/NASA Astrophysics Data System}
}

@ARTICLE{Pilyugin96b,
   author = {{Pilyugin}, L.~S. and {Edmunds}, M.~G.},
    title = "{Chemical evolution of the Milky Way Galaxy. II. On the origin of scatter in the age-metallicity relation.}",
  journal = {\aap},
 keywords = {GALAXY: ABUNDANCES, GALAXY: EVOLUTION, GALAXY: SOLAR NEIGHBOURHOOD},
     year = 1996,
    month = sep,
   volume = 313,
    pages = {792-802},
   adsurl = {http://adsabs.harvard.edu/abs/1996A%26A...313..792P},
  adsnote = {Provided by the SAO/NASA Astrophysics Data System}
}

@ARTICLE{Edvardsson93,
   author = {{Edvardsson}, B. and {Andersen}, J. and {Gustafsson}, B. and 
{Lambert}, D.~L. and {Nissen}, P.~E. and {Tomkin}, J.},
    title = "{The Chemical Evolution of the Galactic Disk - Part One - Analysis and Results}",
  journal = {\aap},
     year = 1993,
    month = aug,
   volume = 275,
    pages = {101},
   adsurl = {http://adsabs.harvard.edu/abs/1993A%26A...275..101E},
  adsnote = {Provided by the SAO/NASA Astrophysics Data System}
}

@ARTICLE{Twarog80,
   author = {{Twarog}, B.~A.},
    title = "{The chemical evolution of the solar neighborhood. II - The age-metallicity relation and the history of star formation in the galactic disk}",
  journal = {\apj},
 keywords = {Chemical Evolution, Galactic Evolution, Metallic Stars, Milky Way Galaxy, Star Formation, Abundance, Astronomical Models, Dwarf Stars, F Stars, G Stars, Scale Height, Star Formation Rate, Stellar Evolution},
     year = 1980,
    month = nov,
   volume = 242,
    pages = {242-259},
      doi = {10.1086/158460},
   adsurl = {http://adsabs.harvard.edu/abs/1980ApJ...242..242T},
  adsnote = {Provided by the SAO/NASA Astrophysics Data System}
}


@ARTICLE{Carlberg85,
   author = {{Carlberg}, R.~G. and {Dawson}, P.~C. and {Hsu}, T. and {Vandenberg}, D.~A.},
    title = "{The age-velocity-dispersion relation in the solar neighborhood}",
  journal = {\apj},
 keywords = {Metallicity, Stellar Composition, Stellar Evolution, Stellar Motions, Velocity Distribution, Chemical Evolution, F Stars},
     year = 1985,
    month = jul,
   volume = 294,
    pages = {674-681},
      doi = {10.1086/163337},
   adsurl = {http://adsabs.harvard.edu/abs/1985ApJ...294..674C},
  adsnote = {Provided by the SAO/NASA Astrophysics Data System}
}

@ARTICLE{Spitzer51,
   author = {{Spitzer}, Jr., L. and {Schwarzschild}, M.},
    title = "{The Possible Influence of Interstellar Clouds on Stellar Velocities.}",
  journal = {\apj},
     year = 1951,
    month = nov,
   volume = 114,
    pages = {385},
      doi = {10.1086/145478},
   adsurl = {http://adsabs.harvard.edu/abs/1951ApJ...114..385S},
  adsnote = {Provided by the SAO/NASA Astrophysics Data System}
}

@ARTICLE{Spitzer53,
   author = {{Spitzer}, Jr., L. and {Schwarzschild}, M.},
    title = "{The Possible Influence of Interstellar Clouds on Stellar Velocities. II.}",
  journal = {\apj},
     year = 1953,
    month = jul,
   volume = 118,
    pages = {106},
      doi = {10.1086/145730},
   adsurl = {http://adsabs.harvard.edu/abs/1953ApJ...118..106S},
  adsnote = {Provided by the SAO/NASA Astrophysics Data System}
}

@ARTICLE{Chiappini97,
   author = {{Chiappini}, C. and {Matteucci}, F. and {Gratton}, R.},
    title = "{The Chemical Evolution of the Galaxy: The Two-Infall Model}",
  journal = {\apj},
   eprint = {astro-ph/9609199},
 keywords = {ISM: individual (HH 1-2), ISM: Jets and Outflows, ISM: Molecules, ISM: Structure, Stars: Formation},
     year = 1997,
    month = mar,
   volume = 477,
    pages = {765-780},
   adsurl = {http://adsabs.harvard.edu/abs/1997ApJ...477..765C},
  adsnote = {Provided by the SAO/NASA Astrophysics Data System}
}

@ARTICLE{Meusinger91,
   author = {{Meusinger}, H. and {Stecklum}, B. and {Reimann}, H.-G.},
    title = "{The age-metallicity-velocity dispersion relation in the solar neighborhood and a simple evolution model}",
  journal = {\aap},
 keywords = {Astronomical Models, Galactic Evolution, Metallicity, Milky Way Galaxy, Star Formation, Astronomical Photometry, Early Stars, Iron, Stellar Atmospheres, Stellar Composition},
     year = 1991,
    month = may,
   volume = 245,
    pages = {57-74},
   adsurl = {http://adsabs.harvard.edu/abs/1991A%26A...245...57M},
  adsnote = {Provided by the SAO/NASA Astrophysics Data System}
}

@ARTICLE{Quinn93,
   author = {{Quinn}, P.~J. and {Hernquist}, L. and {Fullagar}, D.~P.},
    title = "{Heating of galactic disks by mergers}",
  journal = {\apj},
 keywords = {Computational Astrophysics, Galactic Evolution, Galactic Structure, Interacting Galaxies, Spiral Galaxies, Abundance, Accretion Disks, Galactic Halos, Many Body Problem},
     year = 1993,
    month = jan,
   volume = 403,
    pages = {74-93},
      doi = {10.1086/172184},
   adsurl = {http://adsabs.harvard.edu/abs/1993ApJ...403...74Q},
  adsnote = {Provided by the SAO/NASA Astrophysics Data System}
}

@ARTICLE{Shapiro03,
   author = {{Shapiro}, K.~L. and {Gerssen}, J. and {van der Marel}, R.~P.},
    title = "{Observational Constraints on Disk Heating as a Function of Hubble Type}",
  journal = {\aj},
   eprint = {astro-ph/0308489},
 keywords = {Galaxies: Fundamental Parameters, Galaxies: Individual: NGC Number: NGC 1068, Galaxies: Individual: NGC Number: NGC 2460, Galaxies: Individual: NGC Number: NGC 2775, Galaxies: Individual: NGC Number: NGC 4030, Galaxies: Kinematics and Dynamics},
     year = 2003,
    month = dec,
   volume = 126,
    pages = {2707-2716},
      doi = {10.1086/379306},
   adsurl = {http://adsabs.harvard.edu/abs/2003AJ....126.2707S},
  adsnote = {Provided by the SAO/NASA Astrophysics Data System}
}

@ARTICLE{Binney00,
   author = {{Binney}, J. and {Dehnen}, W. and {Bertelli}, G.},
    title = "{The age of the solar neighbourhood}",
  journal = {\mnras},
   eprint = {astro-ph/0003479},
 keywords = {STARS: KINEMATICS, GALAXY: KINEMATICS AND DYNAMICS, SOLAR NEIGHBOURHOOD},
     year = 2000,
    month = nov,
   volume = 318,
    pages = {658-664},
      doi = {10.1046/j.1365-8711.2000.03720.x},
   adsurl = {http://adsabs.harvard.edu/abs/2000MNRAS.318..658B},
  adsnote = {Provided by the SAO/NASA Astrophysics Data System}
}

@BOOK{Mihalas68,
   author = {{Mihalas}, D. and {Routly}, P.~M.},
    title = "{Galactic astronomy}",
 keywords = {MILKY WAY GALAXY, ASTRONOMY, INTRODUCTIONS},
booktitle = {A Series of Books in Astronomy and Astrophysics, San Francisco: W.H.~Freeman and Company, |c1968},
     year = 1968,
   adsurl = {http://adsabs.harvard.edu/abs/1968gaas.book.....M},
  adsnote = {Provided by the SAO/NASA Astrophysics Data System}
}

@ARTICLE{Couch87,
   author = {{Couch}, W.~J. and {Sharples}, R.~M.},
    title = "{A spectroscopic study of three rich galaxy clusters at Z = 0.31}",
  journal = {\mnras},
 keywords = {Astronomical Spectroscopy, Galactic Clusters, Mass Distribution, Spectrum Analysis, Star Formation, Line Spectra, Mass To Light Ratios, Spiral Galaxies, Velocity Distribution},
     year = 1987,
    month = dec,
   volume = 229,
    pages = {423-456},
      doi = {10.1093/mnras/229.3.423},
   adsurl = {http://adsabs.harvard.edu/abs/1987MNRAS.229..423C},
  adsnote = {Provided by the SAO/NASA Astrophysics Data System}
}

@ARTICLE{Martig14a,
   author = {{Martig}, M. and {Minchev}, I. and {Flynn}, C.},
    title = "{Dissecting simulated disc galaxies - I. The structure of mono-age populations}",
  journal = {\mnras},
archivePrefix = "arXiv",
   eprint = {1405.1726},
 keywords = {methods: numerical, galaxies: formation, galaxies: kinematics and dynamics, galaxies: structure},
     year = 2014,
    month = aug,
   volume = 442,
    pages = {2474-2486},
      doi = {10.1093/mnras/stu1003},
   adsurl = {http://adsabs.harvard.edu/abs/2014MNRAS.442.2474M},
  adsnote = {Provided by the SAO/NASA Astrophysics Data System}
}

@ARTICLE{Martig14b,
   author = {{Martig}, M. and {Minchev}, I. and {Flynn}, C.},
    title = "{Dissecting simulated disc galaxies - II. The age-velocity relation}",
  journal = {\mnras},
archivePrefix = "arXiv",
   eprint = {1405.1727},
 keywords = {methods: numerical, galaxies: formation, galaxies: kinematics and dynamics, galaxies: structure},
     year = 2014,
    month = sep,
   volume = 443,
    pages = {2452-2462},
      doi = {10.1093/mnras/stu1322},
   adsurl = {http://adsabs.harvard.edu/abs/2014MNRAS.443.2452M},
  adsnote = {Provided by the SAO/NASA Astrophysics Data System}
}

@ARTICLE{Martig12,
   author = {{Martig}, M. and {Bournaud}, F. and {Croton}, D.~J. and {Dekel}, A. and {Teyssier}, R.},
    title = "{A Diversity of Progenitors and Histories for Isolated Spiral Galaxies}",
  journal = {\apj},
archivePrefix = "arXiv",
   eprint = {1201.1079},
 keywords = {galaxies: bulges, galaxies: evolution, galaxies: formation, galaxies: high-redshift, galaxies: interactions, galaxies: spiral},
     year = 2012,
    month = sep,
   volume = 756,
      eid = {26},
    pages = {26},
      doi = {10.1088/0004-637X/756/1/26},
   adsurl = {http://adsabs.harvard.edu/abs/2012ApJ...756...26M},
  adsnote = {Provided by the SAO/NASA Astrophysics Data System}
}

@ARTICLE{Lange15,
   author = {{Lange}, R. and {Driver}, S.~P. and {Robotham}, A.~S.~G. and
{Kelvin}, L.~S. and {Graham}, A.~W. and {Alpaslan}, M. and {Andrews}, S.~K. and
{Baldry}, I.~K. and {Bamford}, S. and {Bland-Hawthorn}, J. and
{Brough}, S. and {Cluver}, M.~E. and {Conselice}, C.~J. and 
{Davies}, L.~J.~M. and {Haeussler}, B. and {Konstantopoulos}, I.~S. and
{Loveday}, J. and {Moffett}, A.~J. and {Norberg}, P. and {Phillipps}, S. and
{Taylor}, E.~N. and {L{\'o}pez-S{\'a}nchez}, {\'A}.~R. and {Wilkins}, S.~M. },
   title = "{Galaxy And Mass Assembly (GAMA): mass-size relations of z $\lt$ 0.1 galaxies subdivided by S{\'e}rsic index, colour and morphology}",
  journal = {\mnras},
archivePrefix = "arXiv",
   eprint = {1411.6355},
 keywords = {galaxies: elliptical and lenticular, cD, galaxies: formation, galaxies: fundamental parameters, galaxies: spiral, galaxies: statistics},
     year = 2015,
    month = mar,
   volume = 447,
    pages = {2603-2630},
      doi = {10.1093/mnras/stu2467},
   adsurl = {http://adsabs.harvard.edu/abs/2015MNRAS.447.2603L},
  adsnote = {Provided by the SAO/NASA Astrophysics Data System}
}

@ARTICLE{Shibuya15,
   author = {{Shibuya}, T. and {Ouchi}, M. and {Harikane}, Y.},
    title = "{Morphologies of {\tilde}190,000 Galaxies at z = 0-10 Revealed with HST Legacy Data. I. Size Evolution}",
  journal = {\apjs},
archivePrefix = "arXiv",
   eprint = {1503.07481},
 keywords = {early universe, galaxies: formation, galaxies: high-redshift},
     year = 2015,
    month = aug,
   volume = 219,
      eid = {15},
    pages = {15},
      doi = {10.1088/0067-0049/219/2/15},
   adsurl = {http://adsabs.harvard.edu/abs/2015ApJS..219...15S},
  adsnote = {Provided by the SAO/NASA Astrophysics Data System}
}

@ARTICLE{Ness16,
   author = {{Ness}, M. and {Hogg}, D.~W. and {Rix}, H.-W. and {Martig}, M. and 
{Pinsonneault}, M.~H. and {Ho}, A.~Y.~Q.},
    title = "{Spectroscopic Determination of Masses (and Implied Ages) for Red Giants}",
  journal = {\apj},
archivePrefix = "arXiv",
   eprint = {1511.08204},
 primaryClass = "astro-ph.SR",
 keywords = {Galaxy: stellar content, methods: data analysis, methods: statistical, stars: evolution, stars: fundamental parameters, techniques: spectroscopic },
     year = 2016,
    month = jun,
   volume = 823,
      eid = {114},
    pages = {114},
      doi = {10.3847/0004-637X/823/2/114},
   adsurl = {http://adsabs.harvard.edu/abs/2016ApJ...823..114N},
  adsnote = {Provided by the SAO/NASA Astrophysics Data System}
}

@ARTICLE{vandokkum13,
   author = {{van Dokkum}, P.~G. and {Leja}, J. and {Nelson}, E.~J. and {Patel}, S. and 
{Skelton}, R.~E. and {Momcheva}, I. and {Brammer}, G. and {Whitaker}, K.~E. and 
{Lundgren}, B. and {Fumagalli}, M. and {Conroy}, C. and {F{\"o}rster Schreiber}, N. and 
{Franx}, M. and {Kriek}, M. and {Labb{\'e}}, I. and {Marchesini}, D. and
{Rix}, H.-W. and {van der Wel}, A. and {Wuyts}, S.},
    title = "{The Assembly of Milky-Way-like Galaxies Since z \~{} 2.5}",
  journal = {\apjl},
archivePrefix = "arXiv",
   eprint = {1304.2391},
 keywords = {cosmology: observations, galaxies: evolution, Galaxy: formation, Galaxy: structure },
     year = 2013,
    month = jul,
   volume = 771,
      eid = {L35},
    pages = {L35},
      doi = {10.1088/2041-8205/771/2/L35},
   adsurl = {http://adsabs.harvard.edu/abs/2013ApJ...771L..35V},
  adsnote = {Provided by the SAO/NASA Astrophysics Data System}
}

@ARTICLE{Gonzalez-Delgado15,
   author = {{Gonz{\'a}lez Delgado}, R.~M. and {Garc{\'{\i}}a-Benito}, R. and
{P{\'e}rez}, E. and {Cid Fernandes}, R. and {de Amorim}, A.~L. and 
{Cortijo-Ferrero}, C. and {Lacerda}, E.~A.~D. and {L{\'o}pez Fern{\'a}ndez}, R. and 
{Vale-Asari}, N. and {S{\'a}nchez}, S.~F. and {Moll{\'a}}, M. and
{Ruiz-Lara}, T. and {S{\'a}nchez-Bl{\'a}zquez}, P. and {Walcher}, C.~J. and 
{Alves}, J. and {Aguerri}, J.~A.~L. and {Bekerait{\'e}}, S. and
{Bland-Hawthorn}, J. and {Galbany}, L. and {Gallazzi}, A. and
{Husemann}, B. and {Iglesias-P{\'a}ramo}, J. and {Kalinova}, V. and
{L{\'o}pez-S{\'a}nchez}, A.~R. and {Marino}, R.~A. and {M{\'a}rquez}, I. and
{Masegosa}, J. and {Mast}, D. and {M{\'e}ndez-Abreu}, J. and
{Mendoza}, A. and {del Olmo}, A. and {P{\'e}rez}, I. and {Quirrenbach}, A. and 
{Zibetti}, S.},
    title = "{The CALIFA survey across the Hubble sequence. Spatially resolved stellar population properties in galaxies}",
  journal = {\aap},
archivePrefix = "arXiv",
   eprint = {1506.04157},
 keywords = {techniques: spectroscopic, Galaxy: evolution, Galaxy: stellar content, galaxies: structure, Galaxy: fundamental parameters, galaxies: spiral},
     year = 2015,
    month = sep,
   volume = 581,
      eid = {A103},
    pages = {A103},
      doi = {10.1051/0004-6361/201525938},
   adsurl = {http://adsabs.harvard.edu/abs/2015A%26A...581A.103G},
  adsnote = {Provided by the SAO/NASA Astrophysics Data System}
}

@ARTICLE{Majewski15,
   author = {{Majewski}, S.~R. and {Schiavon}, R.~P. and {Frinchaboy}, P.~M. and 
{Allende Prieto}, C. and {Barkhouser}, R. and {Bizyaev}, D. and
{Blank}, B. and {Brunner}, S. and {Burton}, A. and {Carrera}, R. and
{Chojnowski}, S.~D. and {Cunha}, K. and {Epstein}, C. and {Fitzgerald}, G. and
{Garcia Perez}, A.~E. and {Hearty}, F.~R. and {Henderson}, C. and
{Holtzman}, J.~A. and {Johnson}, J.~A. and {Lam}, C.~R. and
{Lawler}, J.~E. and {Maseman}, P. and {Meszaros}, S. and {Nelson}, M. and
{Coung Nguyen}, D. and {Nidever}, D.~L. and {Pinsonneault}, M. and
{Shetrone}, M. and {Smee}, S. and {Smith}, V.~V. and {Stolberg}, T. and 
{Skrutskie}, M.~F. and {Walker}, E. and {Wilson}, J.~C. and
{Zasowski}, G. and {Anders}, F. and {Basu}, S. and {Beland}, S. and
{Blanton}, M.~R. and {Bovy}, J. and {Brownstein}, J.~R. and
{Carlberg}, J. and {Chaplin}, W. and {Chiappini}, C. and {Eisenstein}, D.~J. and
{Elsworth}, Y. and {Feuillet}, D. and {Fleming}, S.~W. and {Galbraith-Frew}, J. and
{Garcia}, R.~A. and {Anibal Garcia-Hernandez}, D. and {Gillespie}, B.~A. and
{Girardi}, L. and {Gunn}, J.~E. and {Hasselquist}, S. and {Hayden}, M.~R. and
{Hekker}, S. and {Ivans}, I. and {Kinemuchi}, K. and {Klaene}, M. and
{Mahadevan}, S. and {Mathur}, S. and {Mosser}, B. and {Muna}, D. and
{Munn}, J.~A. and {Nichol}, R.~C. and {O'Connell}, R.~W. and
{Robin}, A.~C. and {Rocha-Pinto}, H. and {Schultheis}, M. and 
{Serenelli}, A.~M. and {Shane}, N. and {Silva Aguirre}, V. and
{Sobeck}, J.~S. and {Thompson}, B. and {Troup}, N.~W. and {Weinberg}, D.~H. and
{Zamora}, O.},
    title = "{The Apache Point Observatory Galactic Evolution Experiment (APOGEE)}",
  journal = {ArXiv e-prints},
archivePrefix = "arXiv",
   eprint = {1509.05420},
 primaryClass = "astro-ph.IM",
 keywords = {Astrophysics - Instrumentation and Methods for Astrophysics, Astrophysics - Astrophysics of Galaxies},
     year = 2015,
    month = sep,
   adsurl = {http://adsabs.harvard.edu/abs/2015arXiv150905420M},
  adsnote = {Provided by the SAO/NASA Astrophysics Data System}
}

@ARTICLE{Forster-Schreiber09,
   author = {{F{\"o}rster Schreiber}, N.~M. and {Genzel}, R. and {Bouch{\'e}}, N. and 
{Cresci}, G. and {Davies}, R. and {Buschkamp}, P. and {Shapiro}, K. and
{Tacconi}, L.~J. and {Hicks}, E.~K.~S. and {Genel}, S. and {Shapley}, A.~E. and 
{Erb}, D.~K. and {Steidel}, C.~C. and {Lutz}, D. and {Eisenhauer}, F. and {Gillessen}, S. and {Sternberg}, A. and {Renzini}, A. and {Cimatti}, A. and
{Daddi}, E. and {Kurk}, J. and {Lilly}, S. and {Kong}, X. and
{Lehnert}, M.~D. and {Nesvadba}, N. and {Verma}, A. and {McCracken}, H. and
{Arimoto}, N. and {Mignoli}, M. and {Onodera}, M.},
    title = "{The SINS Survey: SINFONI Integral Field Spectroscopy of z \~{} 2 Star-forming Galaxies}",
  journal = {\apj},
archivePrefix = "arXiv",
   eprint = {0903.1872},
 primaryClass = "astro-ph.CO",
 keywords = {galaxies: evolution, galaxies: high-redshift, galaxies: kinematics and dynamics, infrared: galaxies},
     year = 2009,
    month = dec,
   volume = 706,
    pages = {1364-1428},
      doi = {10.1088/0004-637X/706/2/1364},
   adsurl = {http://adsabs.harvard.edu/abs/2009ApJ...706.1364F},
  adsnote = {Provided by the SAO/NASA Astrophysics Data System}
}

@article{ steinmetz06a,
author = {Steinmetz, M and Zwitter, T and Siebert, A and Watson, F G and Freeman, K C and Munari, U and Campbell, R and Williams, M and Seabroke, G M and Wyse, R F G and Parker, Q A and Bienaym{\'e}, O and Roeser, S and Gibson, B K and Gilmore, G and Grebel, E K and Helmi, A and Navarro, J F and Burton, D and Cass, C J P and Dawe, J A and Fiegert, K and Hartley, M and Russell, K S and Saunders, W and Enke, H and Bailin, J and Binney, J and Bland-Hawthorn, J and Boeche, C and Dehnen, W and Eisenstein, D J and Evans, N W and Fiorucci, M and Fulbright, J P and Gerhard, O and Jauregi, U and Kelz, A and Mijovi{\'c}, L and Minchev, I and Parmentier, G and Pe{\~n}arrubia, J and Quillen, A C and Read, M A and Ruchti, G and Scholz, R D and Siviero, A and Smith, M C and Sordo, R and Veltz, L and Vidrih, S and von Berlepsch, R and Boyle, B J and Schilbach, E},
title = {{The Radial Velocity Experiment (RAVE): First Data Release}},
journal = {The Astronomical Journal},
year = {2006},
volume = {132},
number = {4},
pages = {1645--1668},
month = oct
}


@ARTICLE{ kordopatis13a,
   author = {{Kordopatis}, G. and {Gilmore}, G. and {Steinmetz}, M. and {Boeche}, C. and 
	{Seabroke}, G.~M. and {Siebert}, A. and {Zwitter}, T. and {Binney}, J. and 
	{de Laverny}, P. and {Recio-Blanco}, A. and {Williams}, M.~E.~K. and 
	{Piffl}, T. and {Enke}, H. and {Roeser}, S. and {Bijaoui}, A. and 
	{Wyse}, R.~F.~G. and {Freeman}, K. and {Munari}, U. and {Carrillo}, I. and 
	{Anguiano}, B. and {Burton}, D. and {Campbell}, R. and {Cass}, C.~J.~P. and 
	{Fiegert}, K. and {Hartley}, M. and {Parker}, Q.~A. and {Reid}, W. and 
	{Ritter}, A. and {Russell}, K.~S. and {Stupar}, M. and {Watson}, F.~G. and 
	{Bienaym{\'e}}, O. and {Bland-Hawthorn}, J. and {Gerhard}, O. and 
	{Gibson}, B.~K. and {Grebel}, E.~K. and {Helmi}, A. and {Navarro}, J.~F. and 
	{Conrad}, C. and {Famaey}, B. and {Faure}, C. and {Just}, A. and 
	{Kos}, J. and {Matijevi{\v c}}, G. and {McMillan}, P.~J. and 
	{Minchev}, I. and {Scholz}, R. and {Sharma}, S. and {Siviero}, A. and 
	{de Boer}, E.~W. and {{\v Z}erjal}, M.},
    title = "{The Radial Velocity Experiment (RAVE): Fourth Data Release}",
  journal = {\aj},
archivePrefix = "arXiv",
   eprint = {1309.4284},
 keywords = {catalogs, stars: abundances, stars: fundamental parameters, surveys, techniques: spectroscopic },
     year = 2013,
    month = nov,
   volume = 146,
      eid = {134},
    pages = {134},
      doi = {10.1088/0004-6256/146/5/134},
   adsurl = {http://adsabs.harvard.edu/abs/2013AJ....146..134K},
  adsnote = {Provided by the SAO/NASA Astrophysics Data System}
}

@ARTICLE{ howard08a,
   author = {{Howard}, C.~D. and {Rich}, R.~M. and {Reitzel}, D.~B. and {Koch}, A. and 
	{De Propris}, R. and {Zhao}, H.},
    title = "{The Bulge Radial Velocity Assay (BRAVA). I. Sample Selection and a Rotation Curve}",
  journal = {\apj},
archivePrefix = "arXiv",
   eprint = {0807.3967},
 keywords = {Galaxy: Bulge, Galaxy: Kinematics and Dynamics, Stars: Kinematics, Stars: Late-Type, Techniques: Radial Velocities},
     year = 2008,
    month = dec,
   volume = 688,
    pages = {1060-1077},
      doi = {10.1086/592106},
   adsurl = {http://adsabs.harvard.edu/abs/2008ApJ...688.1060H},
  adsnote = {Provided by the SAO/NASA Astrophysics Data System}
}


@ARTICLE{ yanny09a,
   author = {{Yanny}, B. and {Rockosi}, C. and {Newberg}, H.~J. and {Knapp}, G.~R. and 
	{Adelman-McCarthy}, J.~K. and {Alcorn}, B. and {Allam}, S. and 
	{Allende Prieto}, C. and {An}, D. and {Anderson}, K.~S.~J. and 
	{Anderson}, S. and {Bailer-Jones}, C.~A.~L. and {Bastian}, S. and 
	{Beers}, T.~C. and {Bell}, E. and {Belokurov}, V. and {Bizyaev}, D. and 
	{Blythe}, N. and {Bochanski}, J.~J. and {Boroski}, W.~N. and 
	{Brinchmann}, J. and {Brinkmann}, J. and {Brewington}, H. and 
	{Carey}, L. and {Cudworth}, K.~M. and {Evans}, M. and {Evans}, N.~W. and 
	{Gates}, E. and {G{\"a}nsicke}, B.~T. and {Gillespie}, B. and 
	{Gilmore}, G. and {Nebot Gomez-Moran}, A. and {Grebel}, E.~K. and 
	{Greenwell}, J. and {Gunn}, J.~E. and {Jordan}, C. and {Jordan}, W. and 
	{Harding}, P. and {Harris}, H. and {Hendry}, J.~S. and {Holder}, D. and 
	{Ivans}, I.~I. and {Ivezi{\v c}}, {\v Z}. and {Jester}, S. and 
	{Johnson}, J.~A. and {Kent}, S.~M. and {Kleinman}, S. and {Kniazev}, A. and 
	{Krzesinski}, J. and {Kron}, R. and {Kuropatkin}, N. and {Lebedeva}, S. and 
	{Lee}, Y.~S. and {French Leger}, R. and {L{\'e}pine}, S. and 
	{Levine}, S. and {Lin}, H. and {Long}, D.~C. and {Loomis}, C. and 
	{Lupton}, R. and {Malanushenko}, O. and {Malanushenko}, V. and 
	{Margon}, B. and {Martinez-Delgado}, D. and {McGehee}, P. and 
	{Monet}, D. and {Morrison}, H.~L. and {Munn}, J.~A. and {Neilsen}, Jr., E.~H. and 
	{Nitta}, A. and {Norris}, J.~E. and {Oravetz}, D. and {Owen}, R. and 
	{Padmanabhan}, N. and {Pan}, K. and {Peterson}, R.~S. and {Pier}, J.~R. and 
	{Platson}, J. and {Re Fiorentin}, P. and {Richards}, G.~T. and 
	{Rix}, H.-W. and {Schlegel}, D.~J. and {Schneider}, D.~P. and 
	{Schreiber}, M.~R. and {Schwope}, A. and {Sibley}, V. and {Simmons}, A. and 
	{Snedden}, S.~A. and {Allyn Smith}, J. and {Stark}, L. and {Stauffer}, F. and 
	{Steinmetz}, M. and {Stoughton}, C. and {SubbaRao}, M. and {Szalay}, A. and 
	{Szkody}, P. and {Thakar}, A.~R. and {Sivarani}, T. and {Tucker}, D. and 
	{Uomoto}, A. and {Vanden Berk}, D. and {Vidrih}, S. and {Wadadekar}, Y. and 
	{Watters}, S. and {Wilhelm}, R. and {Wyse}, R.~F.~G. and {Yarger}, J. and 
	{Zucker}, D.},
    title = "{SEGUE: A Spectroscopic Survey of 240,000 Stars with g = 14-20}",
  journal = {\aj},
archivePrefix = "arXiv",
   eprint = {0902.1781},
 primaryClass = "astro-ph.GA",
 keywords = {Galaxy: halo, Galaxy: stellar content, Galaxy: structure, stars: abundances, stars: fundamental parameters, stars: general},
     year = 2009,
    month = may,
   volume = 137,
      eid = {4377},
    pages = {4377-4399},
      doi = {10.1088/0004-6256/137/5/4377},
   adsurl = {http://adsabs.harvard.edu/abs/2009AJ....137.4377Y},
  adsnote = {Provided by the SAO/NASA Astrophysics Data System}
}

@article{ freeman13a,
author = {Freeman, K and Ness, M and Wylie-de-Boer, E and Athanassoula, E and Bland-Hawthorn, J and Asplund, M and Lewis, G and Yong, D and Lane, R and Kiss, L and Ibata, R},
title = {{ARGOS - II. The Galactic bulge survey}},
journal = {Monthly Notices of the Royal Astronomical Society},
year = {2013},
volume = {428},
number = {4},
pages = {3660--3670},
month = feb
}

@article{ cui12a,
author = {Cui, Xiang-Qun and Zhao, Yong-Heng and Chu, Yao-Quan and Li, Guo-Ping and Li, Qi and Zhang, Li-Ping and Su, Hong-Jun and Yao, Zheng-Qiu and Wang, Ya-Nan and Xing, Xiao-Zheng and Li, Xin-Nan and Zhu, Yong-Tian and Wang, Gang and Gu, Bo-Zhong and Luo, A Li and Xu, Xin-Qi and Zhang, Zhen-Chao and Liu, Gen-Rong and Zhang, Hao-Tong and Yang, De-Hua and Cao, Shu-Yun and Chen, Hai-Yuan and Chen, Jian-Jun and Chen, Kun-Xin and Chen, Ying and Chu, Jia-Ru and Feng, Lei and Gong, Xue-Fei and Hou, Yong-Hui and Hu, Hong-Zhuan and Hu, Ning-Sheng and Hu, Zhong-Wen and Jia, Lei and Jiang, Fang-Hua and Jiang, Xiang and Jiang, Zi-Bo and Jin, Ge and Li, Ai-Hua and Li, Yan and Li, Ye-Ping and Liu, Guan-Qun and Liu, Zhi-Gang and Lu, Wen-Zhi and Mao, Yin-Dun and Men, Li and Qi, Yong-Jun and Qi, Zhao-Xiang and Shi, Huo-Ming and Tang, Zheng-Hong and Tao, Qing-Sheng and Wang, Da-Qi and Wang, Dan and Wang, Guo-Min and Wang, Hai and Wang, Jia-Ning and Wang, Jian and Wang, Jian-Ling and Wang, Jian-Ping and Wang, Lei and Wang, Shu-Qing and Wang, You and Wang, Yue-Fei and Xu, Ling-Zhe and Xu, Yan and Yang, Shi-Hai and Yu, Yong and Yuan, Hui and Yuan, Xiang-Yan and Zhai, Chao and Zhang, Jing and Zhang, Yan-Xia and Zhang, Yong and Zhao, Ming and Zhou, Fang and Zhou, Guo-Hua and Zhu, Jie and Zou, Si-Cheng},
title = {{The Large Sky Area Multi-Object Fiber Spectroscopic Telescope (LAMOST)}},
journal = {Research in Astronomy and Astrophysics},
year = {2012},
volume = {12},
number = {9},
pages = {1197--1242},
month = sep
}

@ARTICLE{ zhao12a,
   author = {{Zhao}, G. and {Zhao}, Y.-H. and {Chu}, Y.-Q. and {Jing}, Y.-P. and 
	{Deng}, L.-C.},
    title = "{LAMOST spectral survey {\mdash} An overview}",
  journal = {Research in Astronomy and Astrophysics},
     year = 2012,
    month = jul,
   volume = 12,
    pages = {723-734},
      doi = {10.1088/1674-4527/12/7/002},
   adsurl = {http://adsabs.harvard.edu/abs/2012RAA....12..723Z},
  adsnote = {Provided by the SAO/NASA Astrophysics Data System}
}

@inproceedings{ zucker12a,
author = {Zucker, D B and de Silva, G and Freeman, K and Bland-Hawthorn, J and Team, Hermes},
title = {{The Galactic Archaeology with HERMES Survey}},
booktitle = {Galactic Archaeology: Near-Field Cosmology and the Formation of the Milky Way. Proceedings of the conference held 16-20 May 2011 in Shuzenji},
year = {2012},
pages = {421--},
month = aug
}


@ARTICLE{ desilva15a,
   author = {{De Silva}, G.~M. and {Freeman}, K.~C. and {Bland-Hawthorn}, J. and 
	{Martell}, S. and {de Boer}, E.~W. and {Asplund}, M. and {Keller}, S. and 
	{Sharma}, S. and {Zucker}, D.~B. and {Zwitter}, T. and {Anguiano}, B. and 
	{Bacigalupo}, C. and {Bayliss}, D. and {Beavis}, M.~A. and {Bergemann}, M. and 
	{Campbell}, S. and {Cannon}, R. and {Carollo}, D. and {Casagrande}, L. and 
	{Casey}, A.~R. and {Da Costa}, G. and {D'Orazi}, V. and {Dotter}, A. and 
	{Duong}, L. and {Heger}, A. and {Ireland}, M.~J. and {Kafle}, P.~R. and 
	{Kos}, J. and {Lattanzio}, J. and {Lewis}, G.~F. and {Lin}, J. and 
	{Lind}, K. and {Munari}, U. and {Nataf}, D.~M. and {O'Toole}, S. and 
	{Parker}, Q. and {Reid}, W. and {Schlesinger}, K.~J. and {Sheinis}, A. and 
	{Simpson}, J.~D. and {Stello}, D. and {Ting}, Y.-S. and {Traven}, G. and 
	{Watson}, F. and {Wittenmyer}, R. and {Yong}, D. and {{\v Z}erjal}, M.
	},
    title = "{The GALAH survey: scientific motivation}",
  journal = {\mnras},
archivePrefix = "arXiv",
   eprint = {1502.04767},
 keywords = {Galaxy: stellar content},
     year = 2015,
    month = may,
   volume = 449,
    pages = {2604-2617},
      doi = {10.1093/mnras/stv327},
   adsurl = {http://adsabs.harvard.edu/abs/2015MNRAS.449.2604D},
  adsnote = {Provided by the SAO/NASA Astrophysics Data System}
}

@article{ gilmore12a,
author = {Gilmore, G and Randich, S and Asplund, M and Binney, J and Bonifacio, P and Drew, J and Feltzing, S and Ferguson, A and Jeffries, R and Micela, G and Negueruela, I and Prusti, T and Rix, H W and Vallenari, A and Alfaro, E and Allende-Prieto, C and Babusiaux, C and Bensby, T and Blomme, R and Bragaglia, A and Flaccomio, E and Fran{\c c}ois, P and Irwin, M and Koposov, S and Korn, A and Lanzafame, A and Pancino, E and Paunzen, E and Recio-Blanco, A and Sacco, G and Smiljanic, R and Van Eck, S and Walton, N and Aden, D and Aerts, C and Affer, L and Alcala, J M and Altavilla, G and Alves, J and Antoja, T and Arenou, F and Argiroffi, C and Asensio Ramos, A and Bailer-Jones, C and Balaguer-Nunez, L and Bayo, A and Barbuy, B and Barisevicius, G and Barrado y Navascues, D and Battistini, C and Bellas Velidis, I and Bellazzini, M and Belokurov, V and Bergemann, M and Bertelli, G and Biazzo, K and Bienaym{\'e}, O and Bland-Hawthorn, J and Boeche, C and Bonito, S and Boudreault, S and Bouvier, J and Brandao, I and Brown, A and de Bruijne, J and Burleigh, M and Caballero, J and Caffau, E and Calura, F and Capuzzo-Dolcetta, R and Caramazza, M and Carraro, G and Casagrande, L and Casewell, S and Chapman, S and Chiappini, C and Chorniy, Y and Christlieb, N and Cignoni, M and Cocozza, G and Colless, M and Collet, R and Collins, M and Correnti, M and Covino, E and Crnojevic, D and Cropper, M and Cunha, M and Damiani, F and David, M and Delgado, A and Duffau, S and Edvardsson, B and Eldridge, J and Enke, H and Eriksson, K and Evans, N W and Eyer, L and Famaey, B and Fellhauer, M and Ferreras, I and Figueras, F and Fiorentino, G and Flynn, C and Folha, D and Franciosini, E and Frasca, A and Freeman, K and Fremat, Y and Friel, E and Gaensicke, B and Gameiro, J and Garzon, F and Geier, S and Geisler, D and Gerhard, O and Gibson, B and Gomboc, A and Gomez, A and Gonzalez-Fernandez, C and Gonzalez Hernandez, J and Gosset, E and Grebel, E and Greimel, R and Groenewegen, M and Grundahl, F and Guarcello, M and Gustafsson, B and Hadrava, P and Hatzidimitriou, D and Hambly, N and Hammersley, P and Hansen, C and Haywood, M and Heber, U and Heiter, U and Held, E and Helmi, A and Hensler, G and Herrero, A and Hill, V and Hodgkin, S and Huelamo, N and Huxor, A and Ibata, R and Jackson, R and de Jong, R and Jonker, P and Jordan, S and Jordi, C and Jorissen, A and Katz, D and Kawata, D and Keller, S and Kharchenko, N and Klement, R and Klutsch, A and Knude, J and Koch, A and Kochukhov, O and Kontizas, M and Koubsky, P and Lallement, R and de Laverny, P and van Leeuwen, F and Lemasle, B and Lewis, G and Lind, K and Lindstrom, H P E and Lobel, A and Lopez Santiago, J and Lucas, P and Ludwig, H and Lueftinger, T and Magrini, L and Maiz Apellaniz, J and Maldonado, J and Marconi, G and Marino, A and Martayan, C and Martinez-Valpuesta, I and Matijevic, G and McMahon, R and Messina, S and Meyer, M and Miglio, A and Mikolaitis, S and Minchev, I and Minniti, D and Moitinho, A and Momany, Y and Monaco, L and Montalto, M and Monteiro, M J and Monier, R and Montes, D and Mora, A and Moraux, E and Morel, T and Mowlavi, N and Mucciarelli, A and Munari, U and Napiwotzki, R and Nardetto, N and Naylor, T and Naze, Y and Nelemans, G and Okamoto, S and Ortolani, S and Pace, G and Palla, F and Palous, J and Parker, R and Pe{\~n}arrubia, J and Pillitteri, I and Piotto, G and Posbic, H and Prisinzano, L and Puzeras, E and Quirrenbach, A and Ragaini, S and Read, J and Read, M and Reyle, C and De Ridder, J and Robichon, N and Robin, A and Roeser, S and Romano, D and Royer, F and Ruchti, G and Ruzicka, A and Ryan, S and Ryde, N and Santos, N and Sanz Forcada, J and Sarro Baro, L M and Sbordone, L and Schilbach, E and Schmeja, S and Schnurr, O and Schoenrich, R and Scholz, R D and Seabroke, G and Sharma, S and de Silva, G and Smith, M and Solano, E and Sordo, R and Soubiran, C and Sousa, S and Spagna, A and Steffen, M and Steinmetz, M and Stelzer, B and Stempels, E and Tabernero, H and Tautvaisiene, G and Thevenin, F and Torra, J and Tosi, M and Tolstoy, E and Turon, C and Walker, M and Wambsganss, J and Worley, C and Venn, K and Vink, J and Wyse, R and Zaggia, S and Zeilinger, W and Zoccali, M and Zorec, J and Zucker, D and Zwitter, T and Team, Gaia-ESO Survey},
title = {{The Gaia-ESO Public Spectroscopic Survey}},
journal = {The Messenger},
year = {2012},
volume = {147},
pages = {25--31},
month = mar
}

@PROCEEDINGS{blaauw65,
    title = "{Galactic structure}",
 keywords = {MILKY WAY},
booktitle = {Galactic Structure},
     year = 1965,
   editor = {{Blaauw}, A. and {Schmidt}, M.},
    month = jan,
   adsurl = {http://adsabs.harvard.edu/abs/1965gast.conf.....B},
  adsnote = {Provided by the SAO/NASA Astrophysics Data System}
}

@ARTICLE{Roman50,
   author = {{Roman}, N.~G.},
    title = "{A Correlation Between the Spectroscopic and Dynamical Characteristics of the Late F - and Early G - Type Stars.}",
  journal = {\apj},
     year = 1950,
    month = nov,
   volume = 112,
    pages = {554},
      doi = {10.1086/145367},
   adsurl = {http://adsabs.harvard.edu/abs/1950ApJ...112..554R},
  adsnote = {Provided by the SAO/NASA Astrophysics Data System}
}

@ARTICLE{Minchev14,
   author = {{Minchev}, I. and {Chiappini}, C. and {Martig}, M.},
    title = "{Chemodynamical evolution of the Milky Way disk. II. Variations with Galactic radius and height above the disk plane}",
  journal = {\aap},
archivePrefix = "arXiv",
   eprint = {1401.5796},
 keywords = {Galaxy: kinematics and dynamics, galaxies: evolution, Galaxy: abundances, Galaxy: formation, Galaxy: evolution, Galaxy: disk},
     year = 2014,
    month = dec,
   volume = 572,
      eid = {A92},
    pages = {A92},
      doi = {10.1051/0004-6361/201423487},
   adsurl = {http://adsabs.harvard.edu/abs/2014A%26A...572A..92M},
  adsnote = {Provided by the SAO/NASA Astrophysics Data System}
}

@ARTICLE{Bournaud09,
   author = {{Bournaud}, F. and {Elmegreen}, B.~G. and {Martig}, M.},
    title = "{The Thick Disks of Spiral Galaxies as Relics from Gas-rich, Turbulent, Clumpy Disks at High Redshift}",
  journal = {\apjl},
archivePrefix = "arXiv",
   eprint = {0910.3677},
 keywords = {galaxies: formation, galaxies: high-redshift, Galaxy: disk, ISM: structure},
     year = 2009,
    month = dec,
   volume = 707,
    pages = {L1-L5},
      doi = {10.1088/0004-637X/707/1/L1},
   adsurl = {http://adsabs.harvard.edu/abs/2009ApJ...707L...1B},
  adsnote = {Provided by the SAO/NASA Astrophysics Data System}
}

@ARTICLE{Brook04,
   author = {{Brook}, C.~B. and {Kawata}, D. and {Gibson}, B.~K. and {Freeman}, K.~C. },
    title = "{The Emergence of the Thick Disk in a Cold Dark Matter Universe}",
  journal = {\apj},
   eprint = {astro-ph/0405306},
 keywords = {Galaxies: Evolution, Galaxies: Formation, Galaxy: Disk},
     year = 2004,
    month = sep,
   volume = 612,
    pages = {894-899},
      doi = {10.1086/422709},
   adsurl = {http://adsabs.harvard.edu/abs/2004ApJ...612..894B},
  adsnote = {Provided by the SAO/NASA Astrophysics Data System}
}

@ARTICLE{ELS,
   author = {{Eggen}, O.~J. and {Lynden-Bell}, D. and {Sandage}, A.~R.},
    title = "{Evidence from the motions of old stars that the Galaxy collapsed.}",
  journal = {\apj},
     year = 1962,
    month = nov,
   volume = 136,
    pages = {748},
      doi = {10.1086/147433},
   adsurl = {http://adsabs.harvard.edu/abs/1962ApJ...136..748E},
  adsnote = {Provided by the SAO/NASA Astrophysics Data System}
}

@ARTICLE{Wisnioski15,
   author = {{Wisnioski}, E. and {F{\"o}rster Schreiber}, N.~M. and {Wuyts}, S. and 
{Wuyts}, E. and {Bandara}, K. and {Wilman}, D. and {Genzel}, R. and 
{Bender}, R. and {Davies}, R. and {Fossati}, M. and {Lang}, P. and
{Mendel}, J.~T. and {Beifiori}, A. and {Brammer}, G. and {Chan}, J. and
{Fabricius}, M. and {Fudamoto}, Y. and {Kulkarni}, S. and {Kurk}, J. and
{Lutz}, D. and {Nelson}, E.~J. and {Momcheva}, I. and {Rosario}, D. and
{Saglia}, R. and {Seitz}, S. and {Tacconi}, L.~J. and {van Dokkum}, P.~G.},
title = "{The KMOS$^{3D}$ Survey: Design, First Results, and the Evolution of Galaxy Kinematics from 0.7 $\lt$= z $\lt$= 2.7}",
  journal = {\apj},
archivePrefix = "arXiv",
   eprint = {1409.6791},
 keywords = {galaxies: evolution, galaxies: high-redshift, galaxies: kinematics and dynamics, infrared: galaxies},
     year = 2015,
    month = feb,
   volume = 799,
      eid = {209},
    pages = {209},
      doi = {10.1088/0004-637X/799/2/209},
   adsurl = {http://adsabs.harvard.edu/abs/2015ApJ...799..209W},
  adsnote = {Provided by the SAO/NASA Astrophysics Data System}
}

@ARTICLE{Kassin07,
   author = {{Kassin}, S.~A. and {Weiner}, B.~J. and {Faber}, S.~M. and {Koo}, D.~C. and {Lotz}, J.~M. and {Diemand}, J. and {Harker}, J.~J. and {Bundy}, K. and 
{Metevier}, A.~J. and {Phillips}, A.~C. and {Cooper}, M.~C. and 
{Croton}, D.~J. and {Konidaris}, N. and {Noeske}, K.~G. and 
{Willmer}, C.~N.~A.},
 title = "{The Stellar Mass Tully-Fisher Relation to z = 1.2 from AEGIS}",
  journal = {\apjl},
   eprint = {astro-ph/0702643},
 keywords = {Galaxies: Evolution, Galaxies: General, Galaxies: High-Redshift, Galaxies: Kinematics and Dynamics, Galaxies: Spiral, Galaxies: Stellar Content},
     year = 2007,
    month = may,
   volume = 660,
    pages = {L35-L38},
      doi = {10.1086/517932},
   adsurl = {http://adsabs.harvard.edu/abs/2007ApJ...660L..35K},
  adsnote = {Provided by the SAO/NASA Astrophysics Data System}
}

@ARTICLE{Weiner06,
   author = {{Weiner}, B.~J. and {Willmer}, C.~N.~A. and {Faber}, S.~M. and 
{Melbourne}, J. and {Kassin}, S.~A. and {Phillips}, A.~C. and 
{Harker}, J. and {Metevier}, A.~J. and {Vogt}, N.~P. and {Koo}, D.~C.},
    title = "{A Survey of Galaxy Kinematics to z\~{}1 in the TKRS/GOODS-N Field. I. Rotation and Dispersion Properties}",
  journal = {\apj},
   eprint = {astro-ph/0609090},
 keywords = {Galaxies: Distances and Redshifts, Galaxies: Evolution, Galaxies: Fundamental Parameters, Galaxies: High-Redshift, Galaxies: Structure, Surveys},
     year = 2006,
    month = dec,
   volume = 653,
    pages = {1027-1048},
      doi = {10.1086/508921},
   adsurl = {http://adsabs.harvard.edu/abs/2006ApJ...653.1027W},
  adsnote = {Provided by the SAO/NASA Astrophysics Data System}
}

@ARTICLE{Kregel05,
   author = {{Kregel}, M. and {van der Kruit}, P.~C.},
    title = "{Structure and kinematics of edge-on galaxy discs - IV. The kinematics of the stellar discs}",
  journal = {\mnras},
   eprint = {astro-ph/0501205},
 keywords = {galaxies: fundamental parameters, galaxies: kinematics and dynamics, galaxies: spiral, galaxies: structure},
     year = 2005,
    month = apr,
   volume = 358,
    pages = {481-502},
      doi = {10.1111/j.1365-2966.2005.08811.x},
   adsurl = {http://adsabs.harvard.edu/abs/2005MNRAS.358..481K},
  adsnote = {Provided by the SAO/NASA Astrophysics Data System}
}

@ARTICLE{Dehnen98,
   author = {{Dehnen}, W. and {Binney}, J.~J.},
    title = "{Local stellar kinematics from HIPPARCOS data}",
  journal = {\mnras},
   eprint = {astro-ph/9710077},
 keywords = {STARS: KINEMATICS, GALAXY: FUNDAMENTAL PARAMETERS, GALAXY: KINEMATICS AND DYNAMICS, SOLAR NEIGHBOURHOOD, GALAXY: STRUCTURE},
     year = 1998,
    month = aug,
   volume = 298,
    pages = {387-394},
      doi = {10.1046/j.1365-8711.1998.01600.x},
   adsurl = {http://adsabs.harvard.edu/abs/1998MNRAS.298..387D},
  adsnote = {Provided by the SAO/NASA Astrophysics Data System}
}

@ARTICLE{Nordstrom04,
   author = {{Nordstr{\"o}m}, B. and {Mayor}, M. and {Andersen}, J. and {Holmberg}, J. and 
{Pont}, F. and {J{\o}rgensen}, B.~R. and {Olsen}, E.~H. and 
{Udry}, S. and {Mowlavi}, N.},
 title = "{The Geneva-Copenhagen survey of the Solar neighbourhood. Ages, metallicities, and kinematic properties of {\tilde}14 000 F and G dwarfs}",
  journal = {\aap},
   eprint = {astro-ph/0405198},
 keywords = {Galaxy: disk, Galaxy: solar neighbourhood, Galaxy: stellar content, Galaxy: kinematics and dynamics, Galaxy: evolution, stars: fundamental parameters},
     year = 2004,
    month = may,
   volume = 418,
    pages = {989-1019},
      doi = {10.1051/0004-6361:20035959},
   adsurl = {http://adsabs.harvard.edu/abs/2004A%26A...418..989N},
  adsnote = {Provided by the SAO/NASA Astrophysics Data System}
}

@ARTICLE{Maraston11,
   author = {{Maraston}, C. and {Str{\"o}mb{\"a}ck}, G.},
    title = "{Stellar population models at high spectral resolution}",
  journal = {\mnras},
archivePrefix = "arXiv",
   eprint = {1109.0543},
 keywords = {stars: evolution, stars: fundamental parameters, galaxies: stellar content},
     year = 2011,
    month = dec,
   volume = 418,
    pages = {2785-2811},
      doi = {10.1111/j.1365-2966.2011.19738.x},
   adsurl = {http://adsabs.harvard.edu/abs/2011MNRAS.418.2785M},
  adsnote = {Provided by the SAO/NASA Astrophysics Data System}
}

@ARTICLE{Groves11,
   author = {{Groves}, B. and {Brinchmann}, J. and {Walcher}, C.~J.},
    title = "{The Balmer decrement of SDSS galaxies}",
  journal = {ArXiv e-prints},
archivePrefix = "arXiv",
   eprint = {1109.2597},
 primaryClass = "astro-ph.CO",
 keywords = {Astrophysics - Cosmology and Extragalactic Astrophysics},
     year = 2011,
    month = sep,
   adsurl = {http://adsabs.harvard.edu/abs/2011arXiv1109.2597G},
  adsnote = {Provided by the SAO/NASA Astrophysics Data System}
}

@ARTICLE{Falcon-Barroso11,
   author = {{Falc{\'o}n-Barroso}, J. and {S{\'a}nchez-Bl{\'a}zquez}, P. and 
	{Vazdekis}, A. and {Ricciardelli}, E. and {Cardiel}, N. and 
	{Cenarro}, A.~J. and {Gorgas}, J. and {Peletier}, R.~F.},
    title = "{An updated MILES stellar library and stellar population models}",
  journal = {\aap},
archivePrefix = "arXiv",
   eprint = {1107.2303},
 keywords = {catalogs, methods: data analysis, techniques: spectroscopic, stars: kinematics and dynamics, galaxies: kinematics and dynamics},
     year = 2011,
    month = aug,
   volume = 532,
      eid = {A95},
    pages = {A95},
      doi = {10.1051/0004-6361/201116842},
   adsurl = {http://adsabs.harvard.edu/abs/2011A%26A...532A..95F},
  adsnote = {Provided by the SAO/NASA Astrophysics Data System}
}

@ARTICLE{Vazdekis10,
   author = {{Vazdekis}, A. and {S{\'a}nchez-Bl{\'a}zquez}, P. and {Falc{\'o}n-Barroso}, J. and 
	{Cenarro}, A.~J. and {Beasley}, M.~A. and {Cardiel}, N. and 
	{Gorgas}, J. and {Peletier}, R.~F.},
    title = "{Evolutionary stellar population synthesis with MILES - I. The base models and a new line index system}",
  journal = {\mnras},
archivePrefix = "arXiv",
   eprint = {1004.4439},
 primaryClass = "astro-ph.CO",
 keywords = {globular clusters: general, galaxies: abundances, galaxies: elliptical and lenticular, cD, galaxies: stellar content},
     year = 2010,
    month = jun,
   volume = 404,
    pages = {1639-1671},
      doi = {10.1111/j.1365-2966.2010.16407.x},
   adsurl = {http://adsabs.harvard.edu/abs/2010MNRAS.404.1639V},
  adsnote = {Provided by the SAO/NASA Astrophysics Data System}
}

@ARTICLE{Spinrad71,
   author = {{Spinrad}, H. and {Taylor}, B.~J.},
    title = "{The Stellar Content of the Nuclei of Nearby Galaxies. I. M31, M32, and M81}",
  journal = {\apjs},
     year = 1971,
    month = apr,
   volume = 22,
    pages = {445},
      doi = {10.1086/190232},
   adsurl = {http://adsabs.harvard.edu/abs/1971ApJS...22..445S},
  adsnote = {Provided by the SAO/NASA Astrophysics Data System}
}

@ARTICLE{Conroy13,
   author = {{Conroy}, C.},
    title = "{Modeling the Panchromatic Spectral Energy Distributions of Galaxies}",
  journal = {\araa},
archivePrefix = "arXiv",
   eprint = {1301.7095},
     year = 2013,
    month = aug,
   volume = 51,
    pages = {393-455},
      doi = {10.1146/annurev-astro-082812-141017},
   adsurl = {http://adsabs.harvard.edu/abs/2013ARA%26A..51..393C},
  adsnote = {Provided by the SAO/NASA Astrophysics Data System}
}

@ARTICLE{Bertelli94,
   author = {{Bertelli}, G. and {Bressan}, A. and {Chiosi}, C. and {Fagotto}, F. and 
	{Nasi}, E.},
    title = "{Theoretical isochrones from models with new radiative opacities}",
  journal = {\aaps},
 keywords = {STARS: EVOLUTION, INTERIORS, FUNDAMENTAL PARAMETERS, HR DIAGRAM},
     year = 1994,
    month = aug,
   volume = 106,
   adsurl = {http://adsabs.harvard.edu/abs/1994A%26AS..106..275B},
  adsnote = {Provided by the SAO/NASA Astrophysics Data System}
}

@ARTICLE{Girardi00,
   author = {{Girardi}, L. and {Bressan}, A. and {Bertelli}, G. and {Chiosi}, C.
	},
    title = "{Evolutionary tracks and isochrones for low- and intermediate-mass stars: From 0.15 to 7 M$_{sun}$, and from Z=0.0004 to 0.03}",
  journal = {\aaps},
   eprint = {astro-ph/9910164},
 keywords = {STARS: EVOLUTION, STARS: INTERIORS, STARS: HERTZSPRUNG-RUSSELL (HR) DIAGRAM, STARS: LOW-MASS},
     year = 2000,
    month = feb,
   volume = 141,
    pages = {371-383},
      doi = {10.1051/aas:2000126},
   adsurl = {http://adsabs.harvard.edu/abs/2000A%26AS..141..371G},
  adsnote = {Provided by the SAO/NASA Astrophysics Data System}
}

@ARTICLE{Marigo08,
   author = {{Marigo}, P. and {Girardi}, L. and {Bressan}, A. and {Groenewegen}, M.~A.~T. and 
	{Silva}, L. and {Granato}, G.~L.},
    title = "{Evolution of asymptotic giant branch stars. II. Optical to far-infrared isochrones with improved TP-AGB models}",
  journal = {\aap},
archivePrefix = "arXiv",
   eprint = {0711.4922},
 keywords = {astronomical data bases: miscellaneous, stars: AGB and post-AGB, stars: carbon, stars: evolution, galaxies: Magellanic Clouds, stars: Hertzsprung-Russell (HR) and C-M diagrams},
     year = 2008,
    month = may,
   volume = 482,
    pages = {883-905},
      doi = {10.1051/0004-6361:20078467},
   adsurl = {http://adsabs.harvard.edu/abs/2008A%26A...482..883M},
  adsnote = {Provided by the SAO/NASA Astrophysics Data System}
}

@ARTICLE{Schaller92,
   author = {{Schaller}, G. and {Schaerer}, D. and {Meynet}, G. and {Maeder}, A.
	},
    title = "{New grids of stellar models from 0.8 to 120 solar masses at Z = 0.020 and Z = 0.001}",
  journal = {\aaps},
 keywords = {Computational Astrophysics, Stellar Evolution, Stellar Models, Hertzsprung-Russell Diagram, Massive Stars, Optical Thickness, Photoionization, Stellar Atmospheres, Stellar Envelopes, Stellar Mass Ejection},
     year = 1992,
    month = dec,
   volume = 96,
    pages = {269-331},
   adsurl = {http://adsabs.harvard.edu/abs/1992A%26AS...96..269S},
  adsnote = {Provided by the SAO/NASA Astrophysics Data System}
}

@ARTICLE{Meynet00,
   author = {{Meynet}, G. and {Maeder}, A.},
    title = "{Stellar evolution with rotation. V. Changes in all the outputs of massive star models}",
  journal = {\aap},
   eprint = {astro-ph/0006404},
 keywords = {STARS: ROTATION, STARS: EVOLUTION, STARS: ABUNDANCES, STARS: EARLY-TYPE},
     year = 2000,
    month = sep,
   volume = 361,
    pages = {101-120},
   adsurl = {http://adsabs.harvard.edu/abs/2000A%26A...361..101M},
  adsnote = {Provided by the SAO/NASA Astrophysics Data System}
}

@ARTICLE{Yi01,
   author = {{Yi}, S. and {Demarque}, P. and {Kim}, Y.-C. and {Lee}, Y.-W. and 
	{Ree}, C.~H. and {Lejeune}, T. and {Barnes}, S.},
    title = "{Toward Better Age Estimates for Stellar Populations: The Y$^{2}$ Isochrones for Solar Mixture}",
  journal = {\apjs},
   eprint = {astro-ph/0104292},
 keywords = {Cosmology: Theory, Galaxy: Globular Clusters: General, Stars: Abundances, Stars: Evolution, Stars: Interiors},
     year = 2001,
    month = oct,
   volume = 136,
    pages = {417-437},
      doi = {10.1086/321795},
   adsurl = {http://adsabs.harvard.edu/abs/2001ApJS..136..417Y},
  adsnote = {Provided by the SAO/NASA Astrophysics Data System}
}

@ARTICLE{Yi03,
   author = {{Yi}, S.~K. and {Kim}, Y.-C. and {Demarque}, P.},
    title = "{The Y$^{2}$ Stellar Evolutionary Tracks}",
  journal = {\apjs},
   eprint = {astro-ph/0210201},
 keywords = {Galaxy: Globular Clusters: General, Stars: Abundances, Stars: Evolution, Stars: Interiors},
     year = 2003,
    month = feb,
   volume = 144,
    pages = {259-261},
      doi = {10.1086/345101},
   adsurl = {http://adsabs.harvard.edu/abs/2003ApJS..144..259Y},
  adsnote = {Provided by the SAO/NASA Astrophysics Data System}
}

@ARTICLE{Dotter08,
   author = {{Dotter}, A. and {Chaboyer}, B. and {Jevremovi{\'c}}, D. and 
	{Kostov}, V. and {Baron}, E. and {Ferguson}, J.~W.},
    title = "{The Dartmouth Stellar Evolution Database}",
  journal = {\apjs},
archivePrefix = "arXiv",
   eprint = {0804.4473},
 keywords = {globular clusters: general, open clusters and associations: general, stars: evolution},
     year = 2008,
    month = sep,
   volume = 178,
      eid = {89-101},
    pages = {89-101},
      doi = {10.1086/589654},
   adsurl = {http://adsabs.harvard.edu/abs/2008ApJS..178...89D},
  adsnote = {Provided by the SAO/NASA Astrophysics Data System}
}

@ARTICLE{Chabrier97,
   author = {{Chabrier}, G. and {Baraffe}, I.},
    title = "{Structure and evolution of low-mass stars}",
  journal = {\aap},
   eprint = {astro-ph/9704118},
 keywords = {STARS: LOW MASS, BROWN DWARFS, STARS: ABUNDANCES},
     year = 1997,
    month = nov,
   volume = 327,
    pages = {1039-1053},
   adsurl = {http://adsabs.harvard.edu/abs/1997A%26A...327.1039C},
  adsnote = {Provided by the SAO/NASA Astrophysics Data System}
}

@ARTICLE{Baraffe98,
   author = {{Baraffe}, I. and {Chabrier}, G. and {Allard}, F. and {Hauschildt}, P.~H.
	},
    title = "{Evolutionary models for solar metallicity low-mass stars: mass-magnitude relationships and color-magnitude diagrams}",
  journal = {\aap},
   eprint = {astro-ph/9805009},
 keywords = {STARS: LOW-MASS, BROWN DWARFS, STARS: EVOLUTION, STARS: HERTZSPRUNG-RUSSEL (HR) AND C-M DIAGRAMS, STARS: INTERIORS, STARS: ATMOSPHERES},
     year = 1998,
    month = sep,
   volume = 337,
    pages = {403-412},
   adsurl = {http://adsabs.harvard.edu/abs/1998A%26A...337..403B},
  adsnote = {Provided by the SAO/NASA Astrophysics Data System}
}

@ARTICLE{Salpeter55,
   author = {{Salpeter}, E.~E.},
    title = "{The Luminosity Function and Stellar Evolution.}",
  journal = {\apj},
     year = 1955,
    month = jan,
   volume = 121,
    pages = {161},
      doi = {10.1086/145971},
   adsurl = {http://adsabs.harvard.edu/abs/1955ApJ...121..161S},
  adsnote = {Provided by the SAO/NASA Astrophysics Data System}
}

@ARTICLE{Bastian10,
   author = {{Bastian}, N. and {Covey}, K.~R. and {Meyer}, M.~R.},
    title = "{A Universal Stellar Initial Mass Function? A Critical Look at Variations}",
  journal = {\araa},
archivePrefix = "arXiv",
   eprint = {1001.2965},
     year = 2010,
    month = sep,
   volume = 48,
    pages = {339-389},
      doi = {10.1146/annurev-astro-082708-101642},
   adsurl = {http://adsabs.harvard.edu/abs/2010ARA%26A..48..339B},
  adsnote = {Provided by the SAO/NASA Astrophysics Data System}
}

@ARTICLE{Kroupa01,
   author = {{Kroupa}, P.},
    title = "{On the variation of the initial mass function}",
  journal = {\mnras},
   eprint = {astro-ph/0009005},
 keywords = {BINARIES: GENERAL, STARS: FORMATION, STARS: KINEMATICS, STARS: LUMINOSITY FUNCTION, MASS FUNCTION, GLOBULAR CLUSTERS: GENERAL, OPEN CLUSTERS AND ASSOCIATIONS: GENERAL},
     year = 2001,
    month = apr,
   volume = 322,
    pages = {231-246},
      doi = {10.1046/j.1365-8711.2001.04022.x},
   adsurl = {http://adsabs.harvard.edu/abs/2001MNRAS.322..231K},
  adsnote = {Provided by the SAO/NASA Astrophysics Data System}
}

@ARTICLE{Chabrier01,
   author = {{Chabrier}, G.},
    title = "{The Galactic Disk Mass Budget. I. Stellar Mass Function and Density}",
  journal = {\apj},
   eprint = {astro-ph/0107018},
 keywords = {Cosmology: Dark Matter, Stars: Low-Mass, Brown Dwarfs, Stars: Luminosity Function, Mass Function},
     year = 2001,
    month = jun,
   volume = 554,
    pages = {1274-1281},
      doi = {10.1086/321401},
   adsurl = {http://adsabs.harvard.edu/abs/2001ApJ...554.1274C},
  adsnote = {Provided by the SAO/NASA Astrophysics Data System}
}

@ARTICLE{Sanchez-Blazquez06,
   author = {{S{\'a}nchez-Bl{\'a}zquez}, P. and {Peletier}, R.~F. and {Jim{\'e}nez-Vicente}, J. and 
	{Cardiel}, N. and {Cenarro}, A.~J. and {Falc{\'o}n-Barroso}, J. and 
	{Gorgas}, J. and {Selam}, S. and {Vazdekis}, A.},
    title = "{Medium-resolution Isaac Newton Telescope library of empirical spectra}",
  journal = {\mnras},
   eprint = {astro-ph/0607009},
 keywords = {atlases: stars: fundamental parameters: galaxies: stellar content, atlases, stars: fundamental parameters, galaxies: stellar content},
     year = 2006,
    month = sep,
   volume = 371,
    pages = {703-718},
      doi = {10.1111/j.1365-2966.2006.10699.x},
   adsurl = {http://adsabs.harvard.edu/abs/2006MNRAS.371..703S},
  adsnote = {Provided by the SAO/NASA Astrophysics Data System}
}

@ARTICLE{Schmidt59,
   author = {{Schmidt}, M.},
    title = "{The Rate of Star Formation.}",
  journal = {\apj},
     year = 1959,
    month = mar,
   volume = 129,
    pages = {243},
      doi = {10.1086/146614},
   adsurl = {http://adsabs.harvard.edu/abs/1959ApJ...129..243S},
  adsnote = {Provided by the SAO/NASA Astrophysics Data System}
}

@ARTICLE{Cappellari04,
   author = {{Cappellari}, M. and {Emsellem}, E.},
    title = "{Parametric Recovery of Line-of-Sight Velocity Distributions from Absorption-Line Spectra of Galaxies via Penalized Likelihood}",
  journal = {\pasp},
   eprint = {astro-ph/0312201},
 keywords = {Galaxies: Individual: NGC Number: NGC 3384, Galaxies: Kinematics and Dynamics, line: profiles, Methods: Numerical},
     year = 2004,
    month = feb,
   volume = 116,
    pages = {138-147},
      doi = {10.1086/381875},
   adsurl = {http://adsabs.harvard.edu/abs/2004PASP..116..138C},
  adsnote = {Provided by the SAO/NASA Astrophysics Data System}
}

@ARTICLE{Tojeiro07,
   author = {{Tojeiro}, R. and {Heavens}, A.~F. and {Jimenez}, R. and {Panter}, B.
	},
    title = "{Recovering galaxy star formation and metallicity histories from spectra using VESPA}",
  journal = {\mnras},
archivePrefix = "arXiv",
   eprint = {0704.0941},
 keywords = {methods: data analysis, methods: statistical, galaxies: evolution, galaxies: formation, galaxies: stellar content},
     year = 2007,
    month = nov,
   volume = 381,
    pages = {1252-1266},
      doi = {10.1111/j.1365-2966.2007.12323.x},
   adsurl = {http://adsabs.harvard.edu/abs/2007MNRAS.381.1252T},
  adsnote = {Provided by the SAO/NASA Astrophysics Data System}
}

@ARTICLE{Chen12,
   author = {{Chen}, Y.-M. and {Kauffmann}, G. and {Tremonti}, C.~A. and 
	{White}, S. and {Heckman}, T.~M. and {Kova{\v c}}, K. and {Bundy}, K. and 
	{Chisholm}, J. and {Maraston}, C. and {Schneider}, D.~P. and 
	{Bolton}, A.~S. and {Weaver}, B.~A. and {Brinkmann}, J.},
    title = "{Evolution of the most massive galaxies to z= 0.6 - I. A new method for physical parameter estimation}",
  journal = {\mnras},
archivePrefix = "arXiv",
   eprint = {1108.4719},
 keywords = {galaxies: evolution, galaxies: star formation},
     year = 2012,
    month = mar,
   volume = 421,
    pages = {314-332},
      doi = {10.1111/j.1365-2966.2011.20306.x},
   adsurl = {http://adsabs.harvard.edu/abs/2012MNRAS.421..314C},
  adsnote = {Provided by the SAO/NASA Astrophysics Data System}
}

@ARTICLE{CidFernandes05,
   author = {{Cid Fernandes}, R. and {Mateus}, A. and {Sodr{\'e}}, L. and 
	{Stasi{\'n}ska}, G. and {Gomes}, J.~M.},
    title = "{Semi-empirical analysis of Sloan Digital Sky Survey galaxies - I. Spectral synthesis method}",
  journal = {\mnras},
   eprint = {astro-ph/0412481},
 keywords = {galaxies: evolution, galaxies: fundamental parameters, galaxies: statistics, galaxies: stellar content},
     year = 2005,
    month = apr,
   volume = 358,
    pages = {363-378},
      doi = {10.1111/j.1365-2966.2005.08752.x},
   adsurl = {http://adsabs.harvard.edu/abs/2005MNRAS.358..363C},
  adsnote = {Provided by the SAO/NASA Astrophysics Data System}
}

@ARTICLE{Wilkinson15,
   author = {{Wilkinson}, D.~M. and {Maraston}, C. and {Thomas}, D. and {Coccato}, L. and 
	{Tojeiro}, R. and {Cappellari}, M. and {Belfiore}, F. and {Bershady}, M. and 
	{Blanton}, M. and {Bundy}, K. and {Cales}, S. and {Cherinka}, B. and 
	{Drory}, N. and {Emsellem}, E. and {Fu}, H. and {Law}, D. and 
	{Li}, C. and {Maiolino}, R. and {Masters}, K. and {Tremonti}, C. and 
	{Wake}, D. and {Wang}, E. and {Weijmans}, A.-M. and {Xiao}, T. and 
	{Yan}, R. and {Zhang}, K. and {Bizyaev}, D. and {Brinkmann}, J. and 
	{Kinemuchi}, K. and {Malanushenko}, E. and {Malanushenko}, V. and 
	{Oravetz}, D. and {Pan}, K. and {Simmons}, A.},
    title = "{P-MaNGA: full spectral fitting and stellar population maps from prototype observations}",
  journal = {\mnras},
archivePrefix = "arXiv",
   eprint = {1503.01124},
 keywords = {techniques: spectroscopic, galaxies: evolution, galaxies: formation, galaxies: general, galaxies: stellar content, galaxies: structure},
     year = 2015,
    month = may,
   volume = 449,
    pages = {328-360},
      doi = {10.1093/mnras/stv301},
   adsurl = {http://adsabs.harvard.edu/abs/2015MNRAS.449..328W},
  adsnote = {Provided by the SAO/NASA Astrophysics Data System}
}

@ARTICLE{Sanchez16,
   author = {{S{\'a}nchez}, S.~F. and {P{\'e}rez}, E. and {S{\'a}nchez-Bl{\'a}zquez}, P. and 
	{Gonz{\'a}lez}, J.~J. and {Ros{\'a}lez-Ortega}, F.~F. and {Cano-D{\'{\i}} az}, M. and 
	{L{\'o}pez-Cob{\'a}}, C. and {Marino}, R.~A. and {Gil de Paz}, A. and 
	{Moll{\'a}}, M. and {L{\'o}pez-S{\'a}nchez}, A.~R. and {Ascasibar}, Y. and 
	{Barrera-Ballesteros}, J.},
    title = "{Pipe3D, a pipeline to analyze Integral Field Spectroscopy Data: I. New fitting philosophy of FIT3D}",
  journal = {Rev. Mexicana Astron. Astrofis.},
archivePrefix = "arXiv",
   eprint = {1509.08552},
 primaryClass = "astro-ph.IM",
 keywords = {galaxies: ISM, techniques: spectroscopic},
     year = 2016,
    month = apr,
   volume = 52,
    pages = {21-53},
   adsurl = {http://adsabs.harvard.edu/abs/2016RMxAA..52...21S},
  adsnote = {Provided by the SAO/NASA Astrophysics Data System}
}

@ARTICLE{Oconnel76,
   author = {{O'Connell}, R.~W.},
    title = "{Galaxy spectral synthesis. I - Stellar populations in the nuclei of giant ellipticals}",
  journal = {\apj},
 keywords = {Astronomical Spectroscopy, Elliptical Galaxies, Galactic Nuclei, Spectral Energy Distribution, Spectrum Analysis, Star Distribution, Abundance, Andromeda Galaxy, Astronomical Models, Data Reduction, Interstellar Extinction, Interstellar Matter, Luminous Intensity, M Stars, Mathematical Models, Metallic Stars, Stellar Evolution},
     year = 1976,
    month = jun,
   volume = 206,
    pages = {370-390},
      doi = {10.1086/154392},
   adsurl = {http://adsabs.harvard.edu/abs/1976ApJ...206..370O},
  adsnote = {Provided by the SAO/NASA Astrophysics Data System}
}

@ARTICLE{Aaronson78,
   author = {{Aaronson}, M. and {Cohen}, J.~G. and {Mould}, J. and {Malkan}, M.
	},
    title = "{Calibration of metallicity effects on the integrated colors of globular clusters and early-type galaxies}",
  journal = {\apj},
 keywords = {Abundance, Galactic Evolution, Globular Clusters, Metals, Broadband, Calibrating, Color, Infrared Spectra, Least Squares Method, Star Distribution},
     year = 1978,
    month = aug,
   volume = 223,
    pages = {824-834},
      doi = {10.1086/156315},
   adsurl = {http://adsabs.harvard.edu/abs/1978ApJ...223..824A},
  adsnote = {Provided by the SAO/NASA Astrophysics Data System}
}

@ARTICLE{dePaz02,
   author = {{Gil de Paz}, A. and {Madore}, B.~F.},
    title = "{On the Optimization of Broadband Photometry for Galaxy Evolution Studies}",
  journal = {\aj},
   eprint = {astro-ph/0201013},
 keywords = {Galaxies: Evolution, Galaxies: Photometry, Methods: Numerical, Methods: Statistical},
     year = 2002,
    month = apr,
   volume = 123,
    pages = {1864-1880},
      doi = {10.1086/339480},
   adsurl = {http://adsabs.harvard.edu/abs/2002AJ....123.1864G},
  adsnote = {Provided by the SAO/NASA Astrophysics Data System}
}

@ARTICLE{Ocvirk06,
   author = {{Ocvirk}, P. and {Pichon}, C. and {Lan{\c c}on}, A. and {Thi{\'e}baut}, E.
	},
    title = "{STECKMAP: STEllar Content and Kinematics from high resolution galactic spectra via Maximum A Posteriori}",
  journal = {\mnras},
   eprint = {astro-ph/0507002},
 keywords = {methods: data analysis, methods: statistical, techniques: spectroscopic, galaxies: abundances, galaxies: kinematics and dynamics, galaxies: stellar content},
     year = 2006,
    month = jan,
   volume = 365,
    pages = {74-84},
      doi = {10.1111/j.1365-2966.2005.09323.x},
   adsurl = {http://adsabs.harvard.edu/abs/2006MNRAS.365...74O},
  adsnote = {Provided by the SAO/NASA Astrophysics Data System}
}

@ARTICLE{Eigenbrot16a,
author = {{Eigenbrot}, A. and {Bershady}, M.},
title = "{Vertical Population Gradients in NGC 891 I. Intrumentation
                  and Spectral Data}",
journal = {\apj},
year = "2016",
notes = "in preparation"
}

@INPROCEEDINGS{Markwardt09,
   author = {{Markwardt}, C.~B.},
    title = "{Non-linear Least-squares Fitting in IDL with MPFIT}",
booktitle = {Astronomical Data Analysis Software and Systems XVIII},
     year = 2009,
   series = {Astronomical Society of the Pacific Conference Series},
   volume = 411,
archivePrefix = "arXiv",
   eprint = {0902.2850},
 primaryClass = "astro-ph.IM",
   editor = {{Bohlender}, D.~A. and {Durand}, D. and {Dowler}, P.},
    month = sep,
    pages = {251},
   adsurl = {http://adsabs.harvard.edu/abs/2009ASPC..411..251M},
  adsnote = {Provided by the SAO/NASA Astrophysics Data System}
}

@incollection{More78,
  year={1978},
  added-at = {2015-02-27T13:06:26.000+0100},
  author = {Mor\`e, JorgeJ.},
  biburl = {http://www.bibsonomy.org/bibtex/2aaee107544f8796586ef03d8d6ff3775/olavg},
  booktitle = {Numerical Analysis},
  doi = {10.1007/BFb0067700},
  editor = {Watson, G.A.},
  interhash = {db8074612ab7de61d914de0200a548b4},
  intrahash = {aaee107544f8796586ef03d8d6ff3775},
  isbn = {978-3-540-08538-6},
  keywords = {algorithm implementation levenberg marquardt theory},
  language = {English},
  pages = {105-116},
  publisher = {Springer Berlin Heidelberg},
  series = {Lecture Notes in Mathematics},
  timestamp = {2015-02-27T13:06:26.000+0100},
  title = {The Levenberg-Marquardt algorithm: Implementation and theory},
  url = {http://dx.doi.org/10.1007/BFb0067700},
  volume = 630,
  year = 1978
}

@BOOK{Binney87,
   author = {{Binney}, J. and {Tremaine}, S.},
    title = "{Galactic dynamics}",
 keywords = {ASTROPHYSICS, CELESTIAL MECHANICS, GALACTIC STRUCTURE, MILKY WAY GALAXY, DARK MATTER, GALACTIC EVOLUTION, JEANS THEORY, ORBITAL MECHANICS, POTENTIAL THEORY, STELLAR EVOLUTION, STELLAR SYSTEMS},
booktitle = {Princeton, NJ, Princeton University Press, 1987, 747 p.},
     year = 1987,
   adsurl = {http://adsabs.harvard.edu/abs/1987gady.book.....B},
  adsnote = {Provided by the SAO/NASA Astrophysics Data System}
}

@BOOK{Osterbrock89,
   author = {{Osterbrock}, D.~E.},
    title = "{Astrophysics of gaseous nebulae and active galactic nuclei}",
 keywords = {Active Galactic Nuclei, Astrophysics, Planetary Nebulae, Quasars, Seyfert Galaxies, Computational Astrophysics, Cosmic Dust, Emission Spectra, Interstellar Matter, Photoionization, Spectrum Analysis, Stellar Physics, Supernova Remnants, Thermodynamic Equilibrium},
booktitle = {Research supported by the University of California, John Simon Guggenheim Memorial Foundation, University of Minnesota, et al.~Mill Valley, CA, University Science Books, 1989, 422 p.},
     year = 1989,
   adsurl = {http://esoads.eso.org/abs/1989agna.book.....O},
  adsnote = {Provided by the SAO/NASA Astrophysics Data System}
}

@BOOK{Wall03,
      author        = "Wall, J V and Jenkins, C R",
      title         = "{Practical statistics for astronomers}",
      publisher     = "Cambridge Univ. Press",
      address       = "Leiden",
      series        = "Cambridge Observing Handbooks for Research Astronomers",
      year          = "2003",
      url           = "https://cds.cern.ch/record/1250725",
}

@ARTICLE{Renzini81,
   author = {{Renzini}, A. and {Voli}, M.},
    title = "{Advanced evolutionary stages of intermediate-mass stars. I - Evolution of surface compositions}",
  journal = {\aap},
 keywords = {Abundance, Carbon Stars, Nuclear Fusion, Planetary Nebulae, Stellar Evolution, Stellar Mass Ejection, Elliptical Galaxies, Helium, Magellanic Clouds, Main Sequence Stars, Milky Way Galaxy, Red Giant Stars, Stellar Envelopes, Stellar Mass, Stellar Winds},
     year = 1981,
    month = jan,
   volume = 94,
    pages = {175-193},
   adsurl = {http://adsabs.harvard.edu/abs/1981A%26A....94..175R},
  adsnote = {Provided by the SAO/NASA Astrophysics Data System}
}

@ARTICLE{Buzzoni89,
   author = {{Buzzoni}, A.},
    title = "{Evolutionary population synthesis in stellar systems. I - A global approach}",
  journal = {\apjs},
 keywords = {Late Stars, Stellar Evolution, Stellar Models, Stellar Spectrophotometry, Stellar Systems, Asymptotic Giant Branch Stars, Horizontal Branch Stars, Red Giant Stars, Stellar Magnitude, Stellar Structure},
     year = 1989,
    month = dec,
   volume = 71,
    pages = {817-869},
      doi = {10.1086/191399},
   adsurl = {http://adsabs.harvard.edu/abs/1989ApJS...71..817B},
  adsnote = {Provided by the SAO/NASA Astrophysics Data System}
}

@ARTICLE{Maraston05,
   author = {{Maraston}, C.},
    title = "{Evolutionary population synthesis: models, analysis of the ingredients and application to high-z galaxies}",
  journal = {\mnras},
   eprint = {astro-ph/0410207},
 keywords = {stars: AGB and post-AGB, stars: evolution, galaxies: evolution, galaxies: stellar content, cosmology: early Universe},
     year = 2005,
    month = sep,
   volume = 362,
    pages = {799-825},
      doi = {10.1111/j.1365-2966.2005.09270.x},
   adsurl = {http://adsabs.harvard.edu/abs/2005MNRAS.362..799M},
  adsnote = {Provided by the SAO/NASA Astrophysics Data System}
}

@ARTICLE{Carrasco94,
   author = {{Carrasco}, E. and {Parry}, I.~R.},
    title = "{A method for determining the focal ratio degradation of optical fibres for astronomy}",
  journal = {MNRAS},
     year = 1994,
    month = nov,
   volume = 271,
    pages = {1},
   adsurl = {http://adsabs.harvard.edu/abs/1994MNRAS.271....1C},
  adsnote = {Provided by the SAO/NASA Astrophysics Data System}
}

@ARTICLE{Haynes11,
   author = {{Haynes}, D.~M. and {Withford}, M.~J. and {Dawes}, J.~M. and 
	{Lawrence}, J.~S. and {Haynes}, R.},
    title = "{Relative contributions of scattering, diffraction and modal diffusion to focal ratio degradation in optical fibres}",
  journal = {MNRAS},
 keywords = {instrumentation: miscellaneous, instrumentation: spectrographs, methods: data analysis, methods: laboratory, techniques: miscellaneous, techniques: spectroscopic},
     year = 2011,
    month = jun,
   volume = 414,
    pages = {253-263},
      doi = {10.1111/j.1365-2966.2011.18385.x},
   adsurl = {http://adsabs.harvard.edu/abs/2011MNRAS.414..253H},
  adsnote = {Provided by the SAO/NASA Astrophysics Data System}
}

@INPROCEEDINGS{Avila98,
   author = {{Avila}, G.},
    title = "{Results on Fiber Characterization at ESO}",
booktitle = {Fiber Optics in Astronomy III},
     year = 1998,
   series = {Astronomical Society of the Pacific Conference Series},
   volume = 152,
   editor = {{Arribas}, S. and {Mediavilla}, E. and {Watson}, F.},
    pages = {44},
   adsurl = {http://adsabs.harvard.edu/abs/1998ASPC..152...44A},
  adsnote = {Provided by the SAO/NASA Astrophysics Data System}
}

@article{Gloge72,
author = {D. Gloge},
journal = {Appl. Opt.},
keywords = {},
number = {11},
pages = {2506--2513},
publisher = {OSA},
title = {Bending Loss in Multimode Fibers with Graded and Ungraded Core Index},
volume = {11},
month = {Nov},
year = {1972},
url = {http://ao.osa.org/abstract.cfm?URI=ao-11-11-2506},
doi = {10.1364/AO.11.002506},
abstract = {Parabolic grading of the core index in a multimode fiber (Selfoc) diminishes mode dispersion and interface loss. This paper shows that this grading affects the mode volume and the loss in bends very little, if the index difference of the graded core (between the core axis and the cladding) is twice that of the homogeneous core. Curvature radii of several centimeters are tolerable. Mode coupling (or ray deflection) in random bends is slightly decreased by grading. Both the graded and the homogeneous multimode fiber are particularly sensitive to certain critical deviations of the guide axis from straightness. These deviations must be less than avoided. a fraction of a micrometer in order that catastrophic mode loss be avoided.},
}

@ARTICLE{Croom12,
   author = {{Croom}, S.~M. and {Lawrence}, J.~S. and {Bland-Hawthorn}, J. and 
	{Bryant}, J.~J. and {Fogarty}, L. and {Richards}, S. and {Goodwin}, M. and 
	{Farrell}, T. and {Miziarski}, S. and {Heald}, R. and {Jones}, D.~H. and 
	{Lee}, S. and {Colless}, M. and {Brough}, S. and {Hopkins}, A.~M. and 
	{Bauer}, A.~E. and {Birchall}, M.~N. and {Ellis}, S. and {Horton}, A. and 
	{Leon-Saval}, S. and {Lewis}, G. and {L{\'o}pez-S{\'a}nchez}, {\'A}.~R. and 
	{Min}, S.-S. and {Trinh}, C. and {Trowland}, H.},
    title = "{The Sydney-AAO Multi-object Integral field spectrograph}",
  journal = {\mnras},
archivePrefix = "arXiv",
   eprint = {1112.3367},
 keywords = {instrumentation: spectrographs, techniques: imaging spectroscopy, surveys, galaxies: general, galaxies: kinematics and dynamics},
     year = 2012,
    month = mar,
   volume = 421,
    pages = {872-893},
      doi = {10.1111/j.1365-2966.2011.20365.x},
   adsurl = {http://adsabs.harvard.edu/abs/2012MNRAS.421..872C},
  adsnote = {Provided by the SAO/NASA Astrophysics Data System}
}

@ARTICLE{Sanchez12,
   author = {{S{\'a}nchez}, S.~F. and {Kennicutt}, R.~C. and {Gil de Paz}, A. and 
	{van de Ven}, G. and {V{\'{\i}}lchez}, J.~M. and {Wisotzki}, L. and 
	{Walcher}, C.~J. and {Mast}, D. and {Aguerri}, J.~A.~L. and 
	{Albiol-P{\'e}rez}, S. and {Alonso-Herrero}, A. and {Alves}, J. and 
	{Bakos}, J. and {Bart{\'a}kov{\'a}}, T. and {Bland-Hawthorn}, J. and 
	{Boselli}, A. and {Bomans}, D.~J. and {Castillo-Morales}, A. and 
	{Cortijo-Ferrero}, C. and {de Lorenzo-C{\'a}ceres}, A. and {Del Olmo}, A. and 
	{Dettmar}, R.-J. and {D{\'{\i}}az}, A. and {Ellis}, S. and {Falc{\'o}n-Barroso}, J. and 
	{Flores}, H. and {Gallazzi}, A. and {Garc{\'{\i}}a-Lorenzo}, B. and 
	{Gonz{\'a}lez Delgado}, R. and {Gruel}, N. and {Haines}, T. and 
	{Hao}, C. and {Husemann}, B. and {Igl{\'e}sias-P{\'a}ramo}, J. and 
	{Jahnke}, K. and {Johnson}, B. and {Jungwiert}, B. and {Kalinova}, V. and 
	{Kehrig}, C. and {Kupko}, D. and {L{\'o}pez-S{\'a}nchez}, {\'A}.~R. and 
	{Lyubenova}, M. and {Marino}, R.~A. and {M{\'a}rmol-Queralt{\'o}}, E. and 
	{M{\'a}rquez}, I. and {Masegosa}, J. and {Meidt}, S. and {Mendez-Abreu}, J. and 
	{Monreal-Ibero}, A. and {Montijo}, C. and {Mour{\~a}o}, A.~M. and 
	{Palacios-Navarro}, G. and {Papaderos}, P. and {Pasquali}, A. and 
	{Peletier}, R. and {P{\'e}rez}, E. and {P{\'e}rez}, I. and {Quirrenbach}, A. and 
	{Rela{\~n}o}, M. and {Rosales-Ortega}, F.~F. and {Roth}, M.~M. and 
	{Ruiz-Lara}, T. and {S{\'a}nchez-Bl{\'a}zquez}, P. and {Sengupta}, C. and 
	{Singh}, R. and {Stanishev}, V. and {Trager}, S.~C. and {Vazdekis}, A. and 
	{Viironen}, K. and {Wild}, V. and {Zibetti}, S. and {Ziegler}, B.
	},
    title = "{CALIFA, the Calar Alto Legacy Integral Field Area survey. I. Survey presentation}",
  journal = {\aap},
archivePrefix = "arXiv",
   eprint = {1111.0962},
 keywords = {techniques: spectroscopic, galaxies: active, galaxies: evolution, surveys, galaxies: ISM, galaxies: stellar content},
     year = 2012,
    month = feb,
   volume = 538,
      eid = {A8},
    pages = {A8},
      doi = {10.1051/0004-6361/201117353},
   adsurl = {http://adsabs.harvard.edu/abs/2012A%26A...538A...8S},
  adsnote = {Provided by the SAO/NASA Astrophysics Data System}
}

@article{Wielen74,
author = {Wielen,R.},
title = {The Kinematics and Ages of Stars in Gliese’s Catalogue},
journal = {Highlights of Astronomy},
volume = {3},
month = {1},
month = {1},
year = {1974},
issn = {null},
pages = {395--407},
numpages = {13},
doi = {10.1017/S1539299600002100},
URL = {http://journals.cambridge.org/article_S1539299600002100},
}

@ARTICLE{Tinsley68,
   author = {{Tinsley}, B.~M.},
    title = "{Evolution of the Stars and Gas in Galaxies}",
  journal = {\apj},
     year = 1968,
    month = feb,
   volume = 151,
    pages = {547},
      doi = {10.1086/149455},
   adsurl = {http://adsabs.harvard.edu/abs/1968ApJ...151..547T},
  adsnote = {Provided by the SAO/NASA Astrophysics Data System}
}

@INPROCEEDINGS{Barden93,
   author = {{Barden}, S.~C. and {Armandroff}, T. and {Massey}, P. and {Groves}, L. and 
	{Rudeen}, A.~C. and {Vaughnn}, D. and {Muller}, G.},
    title = "{Hydra - Kitt Peak Multi-Object Spectroscopic System}",
booktitle = {Fiber Optics in Astronomy II},
     year = 1993,
   series = {Astronomical Society of the Pacific Conference Series},
   volume = 37,
   editor = {{Gray}, P.~M.},
    month = jan,
    pages = {185},
   adsurl = {http://adsabs.harvard.edu/abs/1993ASPC...37..185B},
  adsnote = {Provided by the SAO/NASA Astrophysics Data System}
}

@INPROCEEDINGS{Ramsey88,
   author = {{Ramsey}, L.~W.},
    title = "{Focal ratio degradation in optical fibers of astronomical interest}",
 keywords = {Astronomy, Fiber Optics, Focusing, Optical Fibers, Epoxy Compounds, Optical Properties, Propagation Modes, Radial Velocity, Silicon Oxides, Time Dependence},
booktitle = {Fiber Optics in Astronomy},
     year = 1988,
   series = {Astronomical Society of the Pacific Conference Series},
   volume = 3,
   editor = {{Barden}, S.~C.},
    pages = {26-39},
   adsurl = {http://adsabs.harvard.edu/abs/1988ASPC....3...26R},
  adsnote = {Provided by the SAO/NASA Astrophysics Data System}
}
